13:34:11   {"table":"orderBook10","keys":["symbol"],"types":{"symbol":"symbol","bids":"","asks":"","timestamp":"timestamp"},"foreignKeys":{"symbol":"instrument"},"attributes":{"symbol":"sorted"},"action":"partial","data":[{"symbol":"XBTZ17","bids":[[16916,39988],[16904.5,2120],[16902,45600],[16895.5,8500],[16891.5,5761],[16891,38280],[16885.5,5762],[16884.5,2542],[16884,2000],[16883.5,1285]],"asks":[[16916.5,5721],[16929,1000],[16950,5000],[16954,77],[16956,7078],[16957,2852],[16957.5,39838],[16959.5,8000],[16960,65115],[16960.5,8000]],"timestamp":"2017-12-20T05:34:25.503Z"}],"filter":{"symbol":"XBTZ17"}}
13:34:11   {"table":"orderBook10","action":"update","data":[{"symbol":"XBTUSD","bids":[[16830,113446],[16827.5,6000],[16827,200],[16826.5,2000],[16825.5,481],[16823,1000],[16821,1000],[16819,3364],[16817,1051],[16815,1000]],"asks":[[16830.5,20000],[16831,9016],[16831.5,50],[16832.5,4000],[16834.5,3580],[16836,32921],[16836.5,122],[16840,13799],[16840.5,2700],[16841,5250]],"timestamp":"2017-12-20T05:34:25.592Z"}]}
13:34:11   {"table":"orderBook10","action":"update","data":[{"symbol":"XBTUSD","bids":[[16830,113456],[16827.5,6000],[16827,200],[16826.5,2000],[16825.5,481],[16823,1000],[16821,1000],[16819,3364],[16817,1051],[16815,1000]],"asks":[[16830.5,20000],[16831,9016],[16831.5,50],[16832.5,4000],[16834.5,3580],[16836,32921],[16836.5,122],[16840,13799],[16840.5,2700],[16841,5250]],"timestamp":"2017-12-20T05:34:25.598Z"}]}
13:34:11   {"table":"orderBook10","action":"update","data":[{"symbol":"XBTUSD","bids":[[16830,113466],[16827.5,6000],[16827,200],[16826.5,2000],[16825.5,481],[16823,1000],[16821,1000],[16819,3364],[16817,1051],[16815,1000]],"asks":[[16830.5,20000],[16831,9016],[16831.5,50],[16832.5,4000],[16834.5,3580],[16836,32921],[16836.5,122],[16840,13799],[16840.5,2700],[16841,5250]],"timestamp":"2017-12-20T05:34:25.605Z"}]}
13:34:11   {"table":"orderBook10","action":"update","data":[{"symbol":"XBTUSD","bids":[[16830,123366],[16827.5,6000],[16827,200],[16826.5,2000],[16825.5,481],[16823,1000],[16821,1000],[16819,3364],[16817,1051],[16815,1000]],"asks":[[16830.5,20000],[16831,9016],[16831.5,50],[16832.5,4000],[16834.5,3580],[16836,32921],[16836.5,122],[16840,13799],[16840.5,2700],[16841,5250]],"timestamp":"2017-12-20T05:34:25.612Z"}]}
13:34:12   {"table":"orderBook10","action":"update","data":[{"symbol":"XBTZ17","bids":[[16916,39988],[16913,33401],[16904.5,2120],[16902,45600],[16895.5,8500],[16891.5,5761],[16891,38280],[16885.5,5762],[16884.5,2542],[16884,2000]],"asks":[[16916.5,5721],[16929,1000],[16950,5000],[16954,77],[16956,7078],[16957,2852],[16957.5,39838],[16959.5,8000],[16960,65115],[16960.5,8000]],"timestamp":"2017-12-20T05:34:27.527Z"}]}
13:34:12   {"table":"orderBook10","action":"update","data":[{"symbol":"XBTUSD","bids":[[16830,123376],[16827.5,6000],[16827,200],[16826.5,2000],[16825.5,481],[16823,1000],[16821,1000],[16819,3364],[16817,1051],[16815,1000]],"asks":[[16830.5,20000],[16831,9016],[16831.5,50],[16832.5,4000],[16834.5,3580],[16836,32921],[16836.5,122],[16840,13799],[16840.5,2700],[16841,5250]],"timestamp":"2017-12-20T05:34:26.887Z"}]}
13:34:12   {"table":"orderBook10","action":"update","data":[{"symbol":"XBTUSD","bids":[[16830,123376],[16827.5,6000],[16827,200],[16826.5,2000],[16825.5,481],[16823,1000],[16821,1000],[16819,3364],[16817,1051],[16815,1000]],"asks":[[16830.5,20100],[16831,9016],[16831.5,50],[16832.5,4000],[16834.5,3580],[16836,32921],[16836.5,122],[16840,13799],[16840.5,2700],[16841,5250]],"timestamp":"2017-12-20T05:34:27.513Z"}]}
13:34:12   {"table":"orderBook10","action":"update","data":[{"symbol":"XBTUSD","bids":[[16830,123376],[16827.5,6000],[16827,200],[16826.5,2000],[16825.5,481],[16823,1000],[16821,1000],[16819,3364],[16817,1051],[16815,1000]],"asks":[[16830.5,20110],[16831,9016],[16831.5,50],[16832.5,4000],[16834.5,3580],[16836,32921],[16836.5,122],[16840,13799],[16840.5,2700],[16841,5250]],"timestamp":"2017-12-20T05:34:27.533Z"}]}
13:34:12   {"table":"orderBook10","action":"update","data":[{"symbol":"XBTUSD","bids":[[16830,123376],[16827,200],[16826.5,2000],[16825.5,481],[16823,1000],[16821,1000],[16819,3364],[16817,1051],[16815,1000],[16813.5,100]],"asks":[[16830.5,20110],[16831,9016],[16831.5,50],[16832.5,4000],[16834.5,3580],[16836,32921],[16836.5,122],[16840,13799],[16840.5,2700],[16841,5250]],"timestamp":"2017-12-20T05:34:27.630Z"}]}
13:34:12   {"table":"orderBook10","action":"update","data":[{"symbol":"XBTUSD","bids":[[16830,126514],[16827,200],[16826.5,2000],[16825.5,481],[16823,1000],[16821,1000],[16819,3364],[16817,1051],[16815,1000],[16813.5,100]],"asks":[[16830.5,20110],[16831,9016],[16831.5,50],[16832.5,4000],[16834.5,3580],[16836,32921],[16836.5,122],[16840,13799],[16840.5,2700],[16841,5250]],"timestamp":"2017-12-20T05:34:27.655Z"}]}
13:34:12   {"table":"orderBook10","action":"update","data":[{"symbol":"XBTZ17","bids":[[16916,40023],[16913,33401],[16904.5,2120],[16902,45600],[16895.5,8500],[16891.5,5761],[16891,38280],[16885.5,5762],[16884.5,2542],[16884,2000]],"asks":[[16916.5,5721],[16929,1000],[16950,5000],[16954,77],[16956,7078],[16957,2852],[16957.5,39838],[16959.5,8000],[16960,65115],[16960.5,8000]],"timestamp":"2017-12-20T05:34:28.169Z"}]}
13:34:12   {"table":"orderBook10","action":"update","data":[{"symbol":"XBTZ17","bids":[[16916,40023],[16913,33401],[16904.5,2120],[16902,45600],[16895.5,8500],[16891.5,5761],[16891,38280],[16885.5,5762],[16884.5,2542],[16884,2000]],"asks":[[16916.5,5721],[16929,1000],[16950,5000],[16954,77],[16956,7078],[16957,2852],[16957.5,39838],[16959.5,8000],[16960,65115],[16964,117]],"timestamp":"2017-12-20T05:34:28.304Z"}]}
13:34:12   {"table":"orderBook10","action":"update","data":[{"symbol":"XBTUSD","bids":[[16830,110856],[16827,200],[16826.5,2000],[16825.5,481],[16823,1000],[16821,1000],[16819,3364],[16817,1051],[16815,1000],[16813.5,100]],"asks":[[16830.5,20110],[16831,9016],[16831.5,50],[16832.5,4000],[16834.5,3580],[16836,32921],[16836.5,122],[16840,13799],[16840.5,2700],[16841,5250]],"timestamp":"2017-12-20T05:34:27.684Z"}]}
13:34:12   {"table":"orderBook10","action":"update","data":[{"symbol":"XBTUSD","bids":[[16830,82056],[16827,200],[16826.5,2000],[16825.5,481],[16823,1000],[16821,1000],[16819,3364],[16817,1051],[16815,1000],[16813.5,100]],"asks":[[16830.5,20110],[16831,9016],[16831.5,50],[16832.5,4000],[16834.5,3580],[16836,32921],[16836.5,122],[16840,13799],[16840.5,2700],[16841,5250]],"timestamp":"2017-12-20T05:34:27.692Z"}]}
13:34:12   {"table":"orderBook10","action":"update","data":[{"symbol":"XBTUSD","bids":[[16830,82056],[16828,200],[16826.5,2000],[16825.5,481],[16823,1000],[16821,1000],[16819,3364],[16817,1051],[16815,1000],[16813.5,100]],"asks":[[16830.5,20110],[16831,9016],[16831.5,50],[16832.5,4000],[16834.5,3580],[16836,32921],[16836.5,122],[16840,13799],[16840.5,2700],[16841,5250]],"timestamp":"2017-12-20T05:34:27.851Z"}]}
13:34:12   {"table":"orderBook10","action":"update","data":[{"symbol":"XBTUSD","bids":[[16830,82056],[16828,200],[16826.5,2000],[16825.5,481],[16823,1000],[16821,1000],[16819,3364],[16817,1051],[16815,1000],[16813.5,100]],"asks":[[16830.5,70110],[16831,9016],[16831.5,50],[16832.5,4000],[16834.5,3580],[16836,32921],[16836.5,122],[16840,13799],[16840.5,2700],[16841,5250]],"timestamp":"2017-12-20T05:34:27.856Z"}]}
13:34:12   {"table":"orderBook10","action":"update","data":[{"symbol":"XBTUSD","bids":[[16830,82056],[16828,200],[16826.5,2000],[16825.5,481],[16823,1000],[16821,1000],[16819,3364],[16817,1051],[16815,1000],[16813.5,100]],"asks":[[16830.5,70210],[16831,9016],[16831.5,50],[16832.5,4000],[16834.5,3580],[16836,32921],[16836.5,122],[16840,13799],[16840.5,2700],[16841,5250]],"timestamp":"2017-12-20T05:34:27.863Z"}]}
13:34:12   {"table":"orderBook10","action":"update","data":[{"symbol":"XBTZ17","bids":[[16916,40023],[16913,33401],[16904.5,2120],[16902,45600],[16895.5,8500],[16891.5,5761],[16891,38280],[16885.5,5762],[16884.5,2542],[16884,2000]],"asks":[[16916.5,5721],[16929,1000],[16950,5000],[16954,77],[16956,7078],[16957,3052],[16957.5,39838],[16959.5,8000],[16960,65115],[16964,117]],"timestamp":"2017-12-20T05:34:28.727Z"}]}
13:34:12   {"table":"orderBook10","action":"update","data":[{"symbol":"XBTUSD","bids":[[16830,92056],[16828,200],[16826.5,2000],[16825.5,481],[16823,1000],[16821,1000],[16819,3364],[16817,1051],[16815,1000],[16813.5,100]],"asks":[[16830.5,70210],[16831,9016],[16831.5,50],[16832.5,4000],[16834.5,3580],[16836,32921],[16836.5,122],[16840,13799],[16840.5,2700],[16841,5250]],"timestamp":"2017-12-20T05:34:27.917Z"}]}
13:34:12   {"table":"orderBook10","action":"update","data":[{"symbol":"XBTUSD","bids":[[16830,92066],[16828,200],[16826.5,2000],[16825.5,481],[16823,1000],[16821,1000],[16819,3364],[16817,1051],[16815,1000],[16813.5,100]],"asks":[[16830.5,70210],[16831,9016],[16831.5,50],[16832.5,4000],[16834.5,3580],[16836,32921],[16836.5,122],[16840,13799],[16840.5,2700],[16841,5250]],"timestamp":"2017-12-20T05:34:28.013Z"}]}
13:34:12   {"table":"orderBook10","action":"update","data":[{"symbol":"XBTUSD","bids":[[16830,92066],[16828,200],[16826.5,2000],[16825.5,481],[16823,1000],[16821,1000],[16819,3364],[16817,1051],[16815,1000],[16813.5,100]],"asks":[[16830.5,65210],[16831,9016],[16831.5,50],[16832.5,4000],[16834.5,3580],[16836,32921],[16836.5,122],[16840,13799],[16840.5,2700],[16841,5250]],"timestamp":"2017-12-20T05:34:28.021Z"}]}
13:34:12   {"table":"orderBook10","action":"update","data":[{"symbol":"XBTUSD","bids":[[16830,92076],[16828,200],[16826.5,2000],[16825.5,481],[16823,1000],[16821,1000],[16819,3364],[16817,1051],[16815,1000],[16813.5,100]],"asks":[[16830.5,65210],[16831,9016],[16831.5,50],[16832.5,4000],[16834.5,3580],[16836,32921],[16836.5,122],[16840,13799],[16840.5,2700],[16841,5250]],"timestamp":"2017-12-20T05:34:28.120Z"}]}
13:34:12   {"table":"orderBook10","action":"update","data":[{"symbol":"XBTUSD","bids":[[16830,92076],[16828,200],[16826.5,2000],[16825.5,481],[16823,1000],[16821,1000],[16819,3364],[16817,1051],[16815,1000],[16813.5,100]],"asks":[[16830.5,65210],[16831,9016],[16831.5,50],[16832.5,4000],[16834.5,3580],[16836,32921],[16836.5,122],[16839.5,100],[16840,13799],[16840.5,2700]],"timestamp":"2017-12-20T05:34:28.126Z"}]}
13:34:12   {"table":"orderBook10","action":"update","data":[{"symbol":"XBTUSD","bids":[[16830,92076],[16828,200],[16827,481],[16826.5,2000],[16823,1000],[16821,1000],[16819,3364],[16817,1051],[16815,1000],[16813.5,100]],"asks":[[16830.5,65210],[16831,9016],[16831.5,50],[16832.5,4000],[16834.5,3580],[16836,32921],[16836.5,122],[16839.5,100],[16840,13799],[16840.5,2700]],"timestamp":"2017-12-20T05:34:28.153Z"}]}
13:34:12   {"table":"orderBook10","action":"update","data":[{"symbol":"XBTUSD","bids":[[16830,92076],[16828,200],[16827,481],[16826.5,2000],[16823,1000],[16821,1000],[16819,3364],[16817,1051],[16815,1000],[16813.5,100]],"asks":[[16830.5,68151],[16831,9016],[16831.5,50],[16832.5,4000],[16834.5,3580],[16836,32921],[16836.5,122],[16839.5,100],[16840,13799],[16840.5,2700]],"timestamp":"2017-12-20T05:34:28.175Z"}]}
13:34:12   {"table":"orderBook10","action":"update","data":[{"symbol":"XBTUSD","bids":[[16830,92076],[16828,200],[16827,481],[16826.5,2000],[16823,1000],[16821,1000],[16819,3364],[16817,1051],[16815,1000],[16813.5,100]],"asks":[[16830.5,68161],[16831,9016],[16831.5,50],[16832.5,4000],[16834.5,3580],[16836,32921],[16836.5,122],[16839.5,100],[16840,13799],[16840.5,2700]],"timestamp":"2017-12-20T05:34:28.191Z"}]}
13:34:12   {"table":"orderBook10","action":"update","data":[{"symbol":"XBTUSD","bids":[[16830,92076],[16828,200],[16827,481],[16826.5,2000],[16823,1000],[16821,1000],[16819,3364],[16817,1051],[16815,1000],[16813.5,100]],"asks":[[16830.5,53161],[16831,9016],[16831.5,50],[16832.5,4000],[16834.5,3580],[16836,32921],[16836.5,122],[16839.5,100],[16840,13799],[16840.5,2700]],"timestamp":"2017-12-20T05:34:28.300Z"}]}
13:34:12   {"table":"orderBook10","action":"update","data":[{"symbol":"XBTUSD","bids":[[16830,92076],[16828,200],[16827,481],[16826.5,2000],[16823,1000],[16821,1000],[16819,3364],[16817,1051],[16815,1000],[16813.5,100]],"asks":[[16830.5,54649],[16831,9016],[16831.5,50],[16832.5,4000],[16834.5,3580],[16836,32921],[16836.5,122],[16839.5,100],[16840,13799],[16840.5,2700]],"timestamp":"2017-12-20T05:34:28.355Z"}]}
13:34:12   {"table":"orderBook10","action":"update","data":[{"symbol":"XBTUSD","bids":[[16830,92076],[16828,200],[16827,481],[16826.5,2000],[16823,1000],[16821,1000],[16819,3364],[16817,1051],[16815,1000],[16813.5,100]],"asks":[[16830.5,56649],[16831,9016],[16831.5,50],[16832.5,4000],[16834.5,3580],[16836,32921],[16836.5,122],[16839.5,100],[16840,13799],[16840.5,2700]],"timestamp":"2017-12-20T05:34:28.406Z"}]}
13:34:12   {"table":"orderBook10","action":"update","data":[{"symbol":"XBTUSD","bids":[[16830,92076],[16828,200],[16827,481],[16826.5,2000],[16823,1000],[16821,1000],[16819,3364],[16817,1051],[16815,1000],[16813.5,100]],"asks":[[16830.5,56649],[16831,9016],[16831.5,50],[16832.5,4000],[16834.5,3580],[16836,32921],[16836.5,122],[16839.5,100],[16840,800],[16840.5,2700]],"timestamp":"2017-12-20T05:34:28.415Z"}]}
13:34:12   {"table":"orderBook10","action":"update","data":[{"symbol":"XBTUSD","bids":[[16830,92076],[16828,200],[16827,481],[16826.5,2000],[16823,1000],[16821,1000],[16819,3364],[16817,1051],[16815,1000],[16813.5,100]],"asks":[[16830.5,56649],[16831,9016],[16831.5,50],[16832.5,4000],[16834.5,3580],[16836,32921],[16836.5,122],[16839.5,100],[16840,1800],[16840.5,2700]],"timestamp":"2017-12-20T05:34:28.576Z"}]}
13:34:12   {"table":"orderBook10","action":"update","data":[{"symbol":"XBTUSD","bids":[[16830,92076],[16828,200],[16827,481],[16826.5,2000],[16823,1000],[16821,1000],[16819,3364],[16817,1051],[16815,1000],[16813.5,100]],"asks":[[16830.5,56149],[16831,9016],[16831.5,50],[16832.5,4000],[16834.5,3580],[16836,32921],[16836.5,122],[16839.5,100],[16840,1800],[16840.5,2700]],"timestamp":"2017-12-20T05:34:28.616Z"}]}
13:34:12   {"table":"orderBook10","action":"update","data":[{"symbol":"XBTUSD","bids":[[16830,92076],[16828,200],[16827,481],[16826.5,2000],[16823,1000],[16821,1000],[16819,3364],[16817,1051],[16815,1000],[16813.5,100]],"asks":[[16830.5,59212],[16831,9016],[16831.5,50],[16832.5,4000],[16834.5,3580],[16836,32921],[16836.5,122],[16839.5,100],[16840,1800],[16840.5,2700]],"timestamp":"2017-12-20T05:34:28.714Z"}]}
13:34:12   {"table":"orderBook10","action":"update","data":[{"symbol":"XBTUSD","bids":[[16830,92076],[16828,200],[16827,481],[16826.5,2000],[16823,1000],[16821,1000],[16819,3364],[16817,1051],[16815,1000],[16813.5,100]],"asks":[[16830.5,62212],[16831,9016],[16831.5,50],[16832.5,4000],[16834.5,3580],[16836,32921],[16836.5,122],[16839.5,100],[16840,1800],[16840.5,2700]],"timestamp":"2017-12-20T05:34:28.731Z"}]}
13:34:12   {"table":"orderBook10","action":"update","data":[{"symbol":"XBTUSD","bids":[[16830,82176],[16828,200],[16827,481],[16826.5,2000],[16823,1000],[16821,1000],[16819,3364],[16817,1051],[16815,1000],[16813.5,100]],"asks":[[16830.5,62212],[16831,9016],[16831.5,50],[16832.5,4000],[16834.5,3580],[16836,32921],[16836.5,122],[16839.5,100],[16840,1800],[16840.5,2700]],"timestamp":"2017-12-20T05:34:28.753Z"}]}
13:34:12   {"table":"orderBook10","action":"update","data":[{"symbol":"XBTUSD","bids":[[16830,82166],[16828,200],[16827,481],[16826.5,2000],[16823,1000],[16821,1000],[16819,3364],[16817,1051],[16815,1000],[16813.5,100]],"asks":[[16830.5,62212],[16831,9016],[16831.5,50],[16832.5,4000],[16834.5,3580],[16836,32921],[16836.5,122],[16839.5,100],[16840,1800],[16840.5,2700]],"timestamp":"2017-12-20T05:34:28.758Z"}]}
13:34:12   {"table":"orderBook10","action":"update","data":[{"symbol":"XBTUSD","bids":[[16830,82156],[16828,200],[16827,481],[16826.5,2000],[16823,1000],[16821,1000],[16819,3364],[16817,1051],[16815,1000],[16813.5,100]],"asks":[[16830.5,62212],[16831,9016],[16831.5,50],[16832.5,4000],[16834.5,3580],[16836,32921],[16836.5,122],[16839.5,100],[16840,1800],[16840.5,2700]],"timestamp":"2017-12-20T05:34:28.762Z"}]}
13:34:12   {"table":"orderBook10","action":"update","data":[{"symbol":"XBTUSD","bids":[[16830,82356],[16828,200],[16827,481],[16826.5,2000],[16823,1000],[16821,1000],[16819,3364],[16817,1051],[16815,1000],[16813.5,100]],"asks":[[16830.5,62212],[16831,9016],[16831.5,50],[16832.5,4000],[16834.5,3580],[16836,32921],[16836.5,122],[16839.5,100],[16840,1800],[16840.5,2700]],"timestamp":"2017-12-20T05:34:28.821Z"}]}
13:34:12   {"table":"orderBook10","action":"update","data":[{"symbol":"XBTUSD","bids":[[16830,82356],[16828,200],[16827,481],[16826.5,2000],[16823,1000],[16821,1000],[16819,3364],[16817,1051],[16815,1000],[16813.5,100]],"asks":[[16830.5,59212],[16831,9016],[16831.5,50],[16832.5,4000],[16834.5,3580],[16836,32921],[16836.5,122],[16839.5,100],[16840,1800],[16840.5,2700]],"timestamp":"2017-12-20T05:34:28.971Z"}]}
13:34:12   {"table":"orderBook10","action":"update","data":[{"symbol":"XBTUSD","bids":[[16830,88356],[16828,200],[16827,481],[16826.5,2000],[16823,1000],[16821,1000],[16819,3364],[16817,1051],[16815,1000],[16813.5,100]],"asks":[[16830.5,59212],[16831,9016],[16831.5,50],[16832.5,4000],[16834.5,3580],[16836,32921],[16836.5,122],[16839.5,100],[16840,1800],[16840.5,2700]],"timestamp":"2017-12-20T05:34:28.974Z"}]}
13:34:12   {"table":"orderBook10","action":"update","data":[{"symbol":"XBTUSD","bids":[[16830,85218],[16828,200],[16827,481],[16826.5,2000],[16823,1000],[16821,1000],[16819,3364],[16817,1051],[16815,1000],[16813.5,100]],"asks":[[16830.5,59212],[16831,9016],[16831.5,50],[16832.5,4000],[16834.5,3580],[16836,32921],[16836.5,122],[16839.5,100],[16840,1800],[16840.5,2700]],"timestamp":"2017-12-20T05:34:28.995Z"}]}
13:34:12   {"table":"orderBook10","action":"update","data":[{"symbol":"XBTUSD","bids":[[16830,85218],[16828,200],[16827,481],[16826.5,2000],[16823,1000],[16821,1000],[16819,3364],[16817,1051],[16815,1000],[16813.5,100]],"asks":[[16830.5,56149],[16831,9016],[16831.5,50],[16832.5,4000],[16834.5,3580],[16836,32921],[16836.5,122],[16839.5,100],[16840,1800],[16840.5,2700]],"timestamp":"2017-12-20T05:34:29.009Z"}]}
13:34:12   {"table":"orderBook10","action":"update","data":[{"symbol":"XBTUSD","bids":[[16830,83406],[16828,200],[16827,481],[16826.5,2000],[16819,2364],[16817,51],[16813.5,100],[16812.5,100],[16809.5,10000],[16808,846]],"asks":[[16830.5,57149],[16831,9016],[16831.5,50],[16832.5,4000],[16834.5,3580],[16836,32921],[16836.5,122],[16839.5,100],[16840,1800],[16840.5,2700]],"timestamp":"2017-12-20T05:34:29.170Z"}]}
13:34:12   {"table":"orderBook10","action":"update","data":[{"symbol":"XBTUSD","bids":[[16830,83406],[16828,200],[16827,481],[16826.5,2000],[16819,2364],[16817,51],[16813.5,100],[16812.5,100],[16809.5,10000],[16808,846]],"asks":[[16830.5,60618],[16831,9016],[16831.5,50],[16832.5,4000],[16834.5,3580],[16836,32921],[16836.5,122],[16839.5,100],[16840,1800],[16840.5,2700]],"timestamp":"2017-12-20T05:34:29.211Z"}]}
13:34:12   {"table":"orderBook10","action":"update","data":[{"symbol":"XBTUSD","bids":[[16830,83406],[16828,200],[16827,481],[16826.5,2000],[16819,2364],[16817,51],[16813.5,100],[16812.5,100],[16809.5,10000],[16808,846]],"asks":[[16830.5,63681],[16831,9016],[16831.5,50],[16832.5,4000],[16834.5,3580],[16836,32921],[16836.5,122],[16839.5,100],[16840,1800],[16840.5,2700]],"timestamp":"2017-12-20T05:34:29.383Z"}]}
13:34:12   {"table":"orderBook10","action":"update","data":[{"symbol":"XBTUSD","bids":[[16830,99064],[16828,200],[16827,481],[16826.5,2000],[16819,2364],[16817,51],[16813.5,100],[16812.5,100],[16809.5,10000],[16808,846]],"asks":[[16830.5,63681],[16831,9016],[16831.5,50],[16832.5,4000],[16834.5,3580],[16836,32921],[16836.5,122],[16839.5,100],[16840,1800],[16840.5,2700]],"timestamp":"2017-12-20T05:34:29.390Z"}]}
13:34:13   {"table":"orderBook10","action":"update","data":[{"symbol":"XBTUSD","bids":[[16830,99064],[16828,200],[16827,481],[16826.5,2000],[16819,2364],[16817,51],[16813.5,100],[16812.5,100],[16809.5,10000],[16808,846]],"asks":[[16830.5,63681],[16831,9016],[16831.5,50],[16832.5,4000],[16836,32921],[16836.5,122],[16839.5,100],[16840,1800],[16840.5,2700],[16841,5250]],"timestamp":"2017-12-20T05:34:29.512Z"}]}
13:34:13   {"table":"orderBook10","action":"update","data":[{"symbol":"XBTUSD","bids":[[16830,99064],[16828,200],[16827,481],[16826.5,2000],[16819,2364],[16817,51],[16813.5,100],[16812.5,100],[16809.5,10000],[16808,846]],"asks":[[16830.5,63681],[16831,9016],[16831.5,50],[16832.5,4000],[16836,32921],[16836.5,122],[16839.5,300],[16840,1800],[16840.5,2700],[16841,5250]],"timestamp":"2017-12-20T05:34:29.524Z"}]}
13:34:13   {"table":"orderBook10","action":"update","data":[{"symbol":"XBTUSD","bids":[[16830,99064],[16828,200],[16827,481],[16826.5,2000],[16819,2364],[16817,51],[16813.5,100],[16812.5,100],[16809.5,10000],[16808,846]],"asks":[[16830.5,63671],[16831,9016],[16831.5,50],[16832.5,4000],[16836,32921],[16836.5,122],[16839.5,300],[16840,1800],[16840.5,2700],[16841,5250]],"timestamp":"2017-12-20T05:34:29.529Z"}]}
13:34:13   {"table":"orderBook10","action":"update","data":[{"symbol":"XBTUSD","bids":[[16830,89064],[16828,200],[16827,481],[16826.5,2000],[16819,2364],[16817,51],[16813.5,100],[16812.5,100],[16809.5,10000],[16808,846]],"asks":[[16830.5,63671],[16831,9016],[16831.5,50],[16832.5,4000],[16836,32921],[16836.5,122],[16839.5,300],[16840,1800],[16840.5,2700],[16841,5250]],"timestamp":"2017-12-20T05:34:29.550Z"}]}
13:34:13   {"table":"orderBook10","action":"update","data":[{"symbol":"XBTUSD","bids":[[16830,89064],[16828,200],[16827,481],[16826.5,2000],[16819,2364],[16817,51],[16813.5,100],[16812.5,100],[16808,846],[16807,51]],"asks":[[16830.5,63671],[16831,9016],[16831.5,50],[16832.5,4000],[16836,32921],[16836.5,122],[16839.5,300],[16840,1800],[16840.5,2700],[16841,5250]],"timestamp":"2017-12-20T05:34:29.553Z"}]}
13:34:13   {"table":"orderBook10","action":"update","data":[{"symbol":"XBTZ17","bids":[[16916,40023],[16913,33401],[16906,5000],[16904.5,2120],[16902,40600],[16895.5,8500],[16891.5,5761],[16891,38280],[16885.5,5762],[16884.5,2542]],"asks":[[16916.5,5721],[16929,1000],[16950,5000],[16954,77],[16956,7078],[16957,3052],[16957.5,39838],[16959.5,8000],[16960,65115],[16964,117]],"timestamp":"2017-12-20T05:34:29.686Z"}]}
13:34:13   {"table":"orderBook10","action":"update","data":[{"symbol":"XBTZ17","bids":[[16916,39823],[16913,33401],[16909.5,200],[16906,5000],[16904.5,2120],[16902,40600],[16895.5,8500],[16891.5,5761],[16891,38280],[16885.5,5762]],"asks":[[16916.5,5721],[16929,1000],[16950,5000],[16951.5,200],[16954,77],[16956,7078],[16957,2852],[16957.5,39838],[16959.5,8000],[16960,65115]],"timestamp":"2017-12-20T05:34:29.717Z"}]}
13:34:13   {"table":"orderBook10","action":"update","data":[{"symbol":"XBTUSD","bids":[[16830,89064],[16828,200],[16827,481],[16826.5,2000],[16819,2364],[16817,51],[16813.5,100],[16812.5,100],[16808,846],[16807,51]],"asks":[[16830.5,78671],[16831,9016],[16831.5,50],[16832.5,4000],[16836,32921],[16836.5,122],[16839.5,300],[16840,1800],[16840.5,2700],[16841,5250]],"timestamp":"2017-12-20T05:34:29.630Z"}]}
13:34:13   {"table":"orderBook10","action":"update","data":[{"symbol":"XBTUSD","bids":[[16830,89064],[16828,200],[16827,481],[16826.5,2000],[16819,2364],[16817,51],[16813.5,100],[16812.5,100],[16808,846],[16807,51]],"asks":[[16830.5,78571],[16831,9016],[16831.5,50],[16832.5,4000],[16836,32921],[16836.5,122],[16839.5,300],[16840,1800],[16840.5,2700],[16841,5250]],"timestamp":"2017-12-20T05:34:29.670Z"}]}
13:34:13   {"table":"orderBook10","action":"update","data":[{"symbol":"XBTUSD","bids":[[16830,89064],[16828,200],[16827,481],[16826.5,2000],[16819,2364],[16817,51],[16813.5,100],[16812.5,100],[16808,846],[16807,51]],"asks":[[16830.5,78571],[16831,9016],[16831.5,50],[16832.5,4000],[16836,32921],[16836.5,122],[16839.5,420],[16840,1800],[16840.5,2700],[16841,5250]],"timestamp":"2017-12-20T05:34:29.694Z"}]}
13:34:13   {"table":"orderBook10","action":"update","data":[{"symbol":"XBTUSD","bids":[[16830,117864],[16828,200],[16827,481],[16826.5,2000],[16819,2364],[16817,51],[16813.5,100],[16812.5,100],[16808,846],[16807,51]],"asks":[[16830.5,78571],[16831,9016],[16831.5,50],[16832.5,4000],[16836,32921],[16836.5,122],[16839.5,420],[16840,1800],[16840.5,2700],[16841,5250]],"timestamp":"2017-12-20T05:34:29.700Z"}]}
13:34:13   {"table":"orderBook10","action":"update","data":[{"symbol":"XBTUSD","bids":[[16830,117864],[16828,200],[16827,481],[16826.5,2000],[16819,2364],[16817,51],[16813.5,100],[16812.5,100],[16811.5,1678],[16808,846]],"asks":[[16830.5,78571],[16831,9016],[16831.5,50],[16832.5,4000],[16836,32921],[16836.5,122],[16839.5,420],[16840,1800],[16840.5,2700],[16841,5250]],"timestamp":"2017-12-20T05:34:29.721Z"}]}
13:34:13   {"table":"orderBook10","action":"update","data":[{"symbol":"XBTUSD","bids":[[16830,117854],[16828,200],[16827,481],[16826.5,2000],[16819,2364],[16817,51],[16813.5,100],[16812.5,100],[16811.5,1678],[16808,846]],"asks":[[16830.5,78571],[16831,9016],[16831.5,50],[16832.5,4000],[16836,32921],[16836.5,122],[16839.5,420],[16840,1800],[16840.5,2700],[16841,5250]],"timestamp":"2017-12-20T05:34:29.726Z"}]}
13:34:13   {"table":"orderBook10","action":"update","data":[{"symbol":"XBTUSD","bids":[[16830,117854],[16828,200],[16827,481],[16826.5,2000],[16819,2364],[16817,51],[16813.5,100],[16812.5,100],[16811.5,1678],[16808,846]],"asks":[[16830.5,78671],[16831,9016],[16831.5,50],[16832.5,4000],[16836,32921],[16836.5,122],[16839.5,420],[16840,1800],[16840.5,2700],[16841,5250]],"timestamp":"2017-12-20T05:34:29.818Z"}]}
13:34:13   {"table":"orderBook10","action":"update","data":[{"symbol":"XBTUSD","bids":[[16830,117864],[16828,200],[16827,481],[16826.5,2000],[16819,2364],[16817,51],[16813.5,100],[16812.5,100],[16811.5,1678],[16808,846]],"asks":[[16830.5,78671],[16831,9016],[16831.5,50],[16832.5,4000],[16836,32921],[16836.5,122],[16839.5,420],[16840,1800],[16840.5,2700],[16841,5250]],"timestamp":"2017-12-20T05:34:29.919Z"}]}
13:34:13   {"table":"orderBook10","action":"update","data":[{"symbol":"XBTZ17","bids":[[16916,39788],[16913,33401],[16909.5,200],[16906,5000],[16904.5,2120],[16902,40600],[16895.5,8500],[16891.5,5761],[16891,38280],[16885.5,5762]],"asks":[[16916.5,5721],[16929,1000],[16950,5000],[16951.5,200],[16954,77],[16956,7078],[16957,2852],[16957.5,39838],[16959.5,8000],[16960,65115]],"timestamp":"2017-12-20T05:34:29.916Z"}]}
13:34:13   {"table":"orderBook10","action":"update","data":[{"symbol":"XBTUSD","bids":[[16830,117864],[16828,200],[16827,481],[16826.5,2000],[16819,2364],[16817,51],[16813.5,100],[16812.5,100],[16811.5,1678],[16808,846]],"asks":[[16830.5,83671],[16831,9016],[16831.5,50],[16832.5,4000],[16836,32921],[16836.5,122],[16839.5,420],[16840,1800],[16840.5,2700],[16841,5250]],"timestamp":"2017-12-20T05:34:29.926Z"}]}
13:34:13   {"table":"orderBook10","action":"update","data":[{"symbol":"XBTUSD","bids":[[16830,117854],[16828,200],[16827,481],[16826.5,2000],[16819,2364],[16817,51],[16813.5,100],[16812.5,100],[16811.5,1678],[16808,846]],"asks":[[16830.5,83671],[16831,9016],[16831.5,50],[16832.5,4000],[16836,32921],[16836.5,122],[16839.5,420],[16840,1800],[16840.5,2700],[16841,5250]],"timestamp":"2017-12-20T05:34:29.947Z"}]}
13:34:14   {"table":"orderBook10","action":"update","data":[{"symbol":"XBTUSD","bids":[[16830,117854],[16828,200],[16827,481],[16826.5,2000],[16819,2364],[16817,51],[16813.5,100],[16812.5,100],[16811.5,1678],[16808,846]],"asks":[[16830.5,83671],[16831,9016],[16831.5,50],[16832,200],[16832.5,4000],[16836,32921],[16836.5,122],[16839.5,220],[16840,1800],[16840.5,2700]],"timestamp":"2017-12-20T05:34:29.959Z"}]}
13:34:14   {"table":"orderBook10","action":"update","data":[{"symbol":"XBTUSD","bids":[[16830,117864],[16828,200],[16827,481],[16826.5,2000],[16819,2364],[16817,51],[16813.5,100],[16812.5,100],[16811.5,1678],[16808,846]],"asks":[[16830.5,83671],[16831,9016],[16831.5,50],[16832,200],[16832.5,4000],[16836,32921],[16836.5,122],[16839.5,220],[16840,1800],[16840.5,2700]],"timestamp":"2017-12-20T05:34:29.968Z"}]}
13:34:14   {"table":"orderBook10","action":"update","data":[{"symbol":"XBTUSD","bids":[[16830,115810],[16828,200],[16827,481],[16826.5,2000],[16819,2364],[16817,51],[16813.5,100],[16812.5,100],[16811.5,1678],[16808,846]],"asks":[[16830.5,82183],[16831,9016],[16831.5,50],[16832,200],[16832.5,4000],[16836,32921],[16836.5,122],[16839.5,220],[16840,1800],[16840.5,2700]],"timestamp":"2017-12-20T05:34:29.974Z"}]}
13:34:14   {"table":"orderBook10","action":"update","data":[{"symbol":"XBTUSD","bids":[[16830,155810],[16828,200],[16827,481],[16826.5,2000],[16819,2364],[16817,51],[16813.5,100],[16812.5,100],[16811.5,1678],[16808,846]],"asks":[[16830.5,82183],[16831,9016],[16831.5,50],[16832,200],[16832.5,4000],[16836,32921],[16836.5,122],[16839.5,220],[16840,1800],[16840.5,2700]],"timestamp":"2017-12-20T05:34:29.983Z"}]}
13:34:14   {"table":"orderBook10","action":"update","data":[{"symbol":"XBTUSD","bids":[[16830,155800],[16828,200],[16827,481],[16826.5,2000],[16819,2364],[16817,51],[16813.5,100],[16812.5,100],[16811.5,1678],[16808,846]],"asks":[[16830.5,82183],[16831,9016],[16831.5,50],[16832,200],[16832.5,4000],[16836,32921],[16836.5,122],[16839.5,220],[16840,1800],[16840.5,2700]],"timestamp":"2017-12-20T05:34:29.999Z"}]}
13:34:14   {"table":"orderBook10","action":"update","data":[{"symbol":"XBTUSD","bids":[[16830,153704],[16828,200],[16827,481],[16826.5,2000],[16819,2364],[16817,51],[16813.5,100],[16812.5,100],[16811.5,1678],[16808,846]],"asks":[[16830.5,82183],[16831,9016],[16831.5,50],[16832,200],[16832.5,4000],[16836,32921],[16836.5,122],[16839.5,220],[16840,1800],[16840.5,2700]],"timestamp":"2017-12-20T05:34:30.010Z"}]}
13:34:14   {"table":"orderBook10","action":"update","data":[{"symbol":"XBTUSD","bids":[[16830,153704],[16828,200],[16827,481],[16826.5,2000],[16819,2364],[16817,51],[16813.5,100],[16812.5,100],[16811.5,1678],[16808,846]],"asks":[[16830.5,82183],[16831,9016],[16831.5,50],[16832,200],[16832.5,4000],[16835.5,1100],[16836,32921],[16836.5,122],[16839.5,220],[16840,1800]],"timestamp":"2017-12-20T05:34:30.615Z"}]}
13:34:14   {"table":"orderBook10","action":"update","data":[{"symbol":"XBTUSD","bids":[[16830,153704],[16828,200],[16827,481],[16826.5,2000],[16819,2364],[16817,51],[16813.5,100],[16812.5,100],[16812,2000],[16811.5,1678]],"asks":[[16830.5,82183],[16831,9016],[16831.5,50],[16832,200],[16832.5,4000],[16835.5,1100],[16836,32921],[16836.5,122],[16839.5,220],[16840,1800]],"timestamp":"2017-12-20T05:34:30.625Z"}]}
13:34:14   {"table":"orderBook10","action":"update","data":[{"symbol":"XBTUSD","bids":[[16830,153704],[16828,200],[16827,481],[16826.5,2000],[16819,2364],[16817,51],[16813.5,100],[16812.5,100],[16812,2000],[16811.5,1678]],"asks":[[16830.5,85183],[16831,9016],[16831.5,50],[16832,200],[16832.5,4000],[16835.5,1100],[16836,32921],[16836.5,122],[16839.5,220],[16840,1800]],"timestamp":"2017-12-20T05:34:30.663Z"}]}
13:34:14   {"table":"orderBook10","action":"update","data":[{"symbol":"XBTUSD","bids":[[16830,153704],[16828,200],[16827,481],[16826.5,2000],[16819,2364],[16817,51],[16813.5,100],[16812.5,100],[16812,2000],[16811.5,1678]],"asks":[[16830.5,85183],[16831,9016],[16831.5,50],[16832,200],[16832.5,4000],[16835.5,1200],[16836,32921],[16836.5,122],[16839.5,120],[16840,1800]],"timestamp":"2017-12-20T05:34:30.674Z"}]}
13:34:14   {"table":"orderBook10","action":"update","data":[{"symbol":"XBTUSD","bids":[[16830,153704],[16828,200],[16827,481],[16826.5,2000],[16819,2364],[16817,51],[16813.5,100],[16812.5,100],[16812,2000],[16811.5,1678]],"asks":[[16830.5,90183],[16831,9016],[16831.5,50],[16832,200],[16832.5,4000],[16835.5,1200],[16836,32921],[16836.5,122],[16839.5,120],[16840,1800]],"timestamp":"2017-12-20T05:34:30.701Z"}]}
13:34:14   {"table":"orderBook10","action":"update","data":[{"symbol":"XBTUSD","bids":[[16830,153804],[16828,200],[16827,481],[16826.5,2000],[16819,2364],[16817,51],[16813.5,100],[16812.5,100],[16812,2000],[16811.5,1678]],"asks":[[16830.5,90183],[16831,9016],[16831.5,50],[16832,200],[16832.5,4000],[16835.5,1200],[16836,32921],[16836.5,122],[16839.5,120],[16840,1800]],"timestamp":"2017-12-20T05:34:30.712Z"}]}
13:34:14   {"table":"orderBook10","action":"update","data":[{"symbol":"XBTUSD","bids":[[16830,153804],[16828,200],[16827,481],[16826.5,2000],[16819,2364],[16817,51],[16813.5,100],[16812.5,100],[16812,2000],[16811.5,1678]],"asks":[[16830.5,93183],[16831,9016],[16831.5,50],[16832,200],[16832.5,4000],[16835.5,1200],[16836,32921],[16836.5,122],[16839.5,120],[16840,1800]],"timestamp":"2017-12-20T05:34:30.728Z"}]}
13:34:14   {"table":"orderBook10","action":"update","data":[{"symbol":"XBTUSD","bids":[[16830,153814],[16828,200],[16827,481],[16826.5,2000],[16819,2364],[16817,51],[16813.5,100],[16812.5,100],[16812,2000],[16811.5,1678]],"asks":[[16830.5,93183],[16831,9016],[16831.5,50],[16832,200],[16832.5,4000],[16835.5,1200],[16836,32921],[16836.5,122],[16839.5,120],[16840,1800]],"timestamp":"2017-12-20T05:34:30.857Z"}]}
13:34:14   {"table":"orderBook10","action":"update","data":[{"symbol":"XBTUSD","bids":[[16830,153814],[16828,200],[16827,481],[16826.5,2000],[16819,2364],[16817,51],[16813.5,100],[16812.5,100],[16812,2000],[16811.5,1678]],"asks":[[16830.5,96183],[16831,9016],[16831.5,50],[16832,200],[16832.5,4000],[16835.5,1200],[16836,32921],[16836.5,122],[16839.5,120],[16840,1800]],"timestamp":"2017-12-20T05:34:30.870Z"}]}
13:34:14   {"table":"orderBook10","action":"update","data":[{"symbol":"XBTUSD","bids":[[16830,153814],[16828,200],[16827,481],[16826.5,2000],[16819,2364],[16817,51],[16813.5,100],[16812.5,100],[16812,2000],[16811.5,1678]],"asks":[[16830.5,93242],[16831,9016],[16831.5,50],[16832,200],[16832.5,4000],[16835.5,1200],[16836,32921],[16836.5,122],[16839.5,120],[16840,1800]],"timestamp":"2017-12-20T05:34:30.881Z"}]}
13:34:14   {"table":"orderBook10","action":"update","data":[{"symbol":"XBTUSD","bids":[[16830,153814],[16828,200],[16827.5,481],[16826.5,2000],[16819,2364],[16817,51],[16813.5,100],[16812.5,100],[16812,2000],[16811.5,1678]],"asks":[[16830.5,93242],[16831,9016],[16831.5,50],[16832,200],[16832.5,4000],[16835.5,1200],[16836,32921],[16836.5,122],[16839.5,120],[16840,1800]],"timestamp":"2017-12-20T05:34:30.900Z"}]}
13:34:14   {"table":"orderBook10","action":"update","data":[{"symbol":"XBTUSD","bids":[[16830,152788],[16828,200],[16827.5,481],[16826.5,2000],[16819,2364],[16817,51],[16813.5,100],[16812.5,100],[16812,2000],[16811.5,1678]],"asks":[[16830.5,93242],[16831,9016],[16831.5,50],[16832,200],[16832.5,4000],[16835.5,1200],[16836,32921],[16836.5,122],[16839.5,120],[16840,1800]],"timestamp":"2017-12-20T05:34:30.909Z"}]}
13:34:14   {"table":"orderBook10","action":"update","data":[{"symbol":"XBTUSD","bids":[[16830,149788],[16828,200],[16827.5,481],[16826.5,2000],[16819,2364],[16817,51],[16813.5,100],[16812.5,100],[16812,2000],[16811.5,1678]],"asks":[[16830.5,93242],[16831,9016],[16831.5,50],[16832,200],[16832.5,4000],[16835.5,1200],[16836,32921],[16836.5,122],[16839.5,120],[16840,1800]],"timestamp":"2017-12-20T05:34:30.917Z"}]}
13:34:14   {"table":"orderBook10","action":"update","data":[{"symbol":"XBTUSD","bids":[[16830,146788],[16828,200],[16827.5,481],[16826.5,2000],[16819,2364],[16817,51],[16813.5,100],[16812.5,100],[16812,2000],[16811.5,1678]],"asks":[[16830.5,93242],[16831,9016],[16831.5,50],[16832,200],[16832.5,4000],[16835.5,1200],[16836,32921],[16836.5,122],[16839.5,120],[16840,1800]],"timestamp":"2017-12-20T05:34:30.920Z"}]}
13:34:14   {"table":"orderBook10","action":"update","data":[{"symbol":"XBTUSD","bids":[[16830,140788],[16828,200],[16827.5,481],[16826.5,2000],[16819,2364],[16817,51],[16813.5,100],[16812.5,100],[16812,2000],[16811.5,1678]],"asks":[[16830.5,93242],[16831,9016],[16831.5,50],[16832,200],[16832.5,4000],[16835.5,1200],[16836,32921],[16836.5,122],[16839.5,120],[16840,1800]],"timestamp":"2017-12-20T05:34:30.987Z"}]}
13:34:16   {"table":"orderBook10","action":"update","data":[{"symbol":"XBTUSD","bids":[[16830,140838],[16828,200],[16827.5,481],[16826.5,2000],[16819,2364],[16817,51],[16813.5,100],[16812.5,100],[16812,2000],[16811.5,1678]],"asks":[[16830.5,93242],[16831,9016],[16831.5,50],[16832,200],[16832.5,4000],[16835.5,1200],[16836,32921],[16836.5,122],[16839.5,120],[16840,1800]],"timestamp":"2017-12-20T05:34:31.022Z"}]}
13:34:16   {"table":"orderBook10","action":"update","data":[{"symbol":"XBTUSD","bids":[[16830,140828],[16828,200],[16827.5,481],[16826.5,2000],[16819,2364],[16817,51],[16813.5,100],[16812.5,100],[16812,2000],[16811.5,1678]],"asks":[[16830.5,93242],[16831,9016],[16831.5,50],[16832,200],[16832.5,4000],[16835.5,1200],[16836,32921],[16836.5,122],[16839.5,120],[16840,1800]],"timestamp":"2017-12-20T05:34:31.787Z"}]}
13:34:16   {"table":"orderBook10","action":"update","data":[{"symbol":"XBTUSD","bids":[[16830,140828],[16828,200],[16827.5,481],[16819,2364],[16817,51],[16813.5,100],[16812.5,100],[16812,2000],[16811.5,1678],[16810,100]],"asks":[[16830.5,93242],[16831,9016],[16831.5,50],[16832,200],[16832.5,4000],[16835.5,1200],[16836,32921],[16836.5,122],[16839.5,120],[16840,1800]],"timestamp":"2017-12-20T05:34:31.791Z"}]}
13:34:16   {"table":"orderBook10","action":"update","data":[{"symbol":"XBTUSD","bids":[[16830,140928],[16828,200],[16827.5,481],[16819,2364],[16817,51],[16813.5,100],[16812.5,100],[16812,2000],[16811.5,1678],[16810,100]],"asks":[[16830.5,93242],[16831,9016],[16831.5,50],[16832,200],[16832.5,4000],[16835.5,1200],[16836,32921],[16836.5,122],[16839.5,120],[16840,1800]],"timestamp":"2017-12-20T05:34:31.799Z"}]}
13:34:16   {"table":"orderBook10","action":"update","data":[{"symbol":"XBTUSD","bids":[[16830,140928],[16828,200],[16827.5,481],[16819,2364],[16817,51],[16813.5,100],[16812.5,100],[16812,2000],[16811.5,1678],[16810,100]],"asks":[[16830.5,90242],[16831,9016],[16831.5,50],[16832,200],[16832.5,4000],[16835.5,1200],[16836,32921],[16836.5,122],[16839.5,120],[16840,1800]],"timestamp":"2017-12-20T05:34:31.806Z"}]}
13:34:16   {"table":"orderBook10","action":"update","data":[{"symbol":"XBTUSD","bids":[[16830,140928],[16828,200],[16827.5,481],[16819,2364],[16817,51],[16813.5,100],[16812.5,100],[16812,2000],[16811.5,1678],[16810,100]],"asks":[[16830.5,90242],[16831,9016],[16831.5,50],[16832,200],[16832.5,4000],[16835.5,1200],[16836,32921],[16836.5,122],[16837,2500],[16839.5,120]],"timestamp":"2017-12-20T05:34:31.822Z"}]}
13:34:16   {"table":"orderBook10","action":"update","data":[{"symbol":"XBTUSD","bids":[[16830,140928],[16828,200],[16827.5,481],[16819,2364],[16817,51],[16813.5,100],[16812.5,100],[16812,2000],[16811.5,1678],[16810,100]],"asks":[[16830.5,89242],[16831,9016],[16831.5,50],[16832,200],[16832.5,4000],[16835.5,1200],[16836,32921],[16836.5,122],[16837,2500],[16839.5,120]],"timestamp":"2017-12-20T05:34:31.956Z"}]}
13:34:16   {"table":"orderBook10","action":"update","data":[{"symbol":"XBTUSD","bids":[[16830,140928],[16828,200],[16827.5,481],[16819,2364],[16817,51],[16813.5,100],[16812.5,100],[16812,2000],[16811.5,1678],[16810,100]],"asks":[[16830.5,89242],[16831,9016],[16831.5,50],[16832,200],[16832.5,4000],[16835.5,100],[16836,32921],[16836.5,122],[16837,2500],[16839.5,120]],"timestamp":"2017-12-20T05:34:31.969Z"}]}
13:34:16   {"table":"orderBook10","action":"update","data":[{"symbol":"XBTUSD","bids":[[16830,144954],[16828,200],[16827.5,481],[16819,2364],[16817,51],[16813.5,100],[16812.5,100],[16812,2000],[16811.5,1678],[16810,100]],"asks":[[16830.5,89242],[16831,9016],[16831.5,50],[16832,200],[16832.5,4000],[16835.5,100],[16836,32921],[16836.5,122],[16837,2500],[16839.5,120]],"timestamp":"2017-12-20T05:34:31.985Z"}]}
13:34:16   {"table":"orderBook10","action":"update","data":[{"symbol":"XBTUSD","bids":[[16830,144964],[16828,200],[16827.5,481],[16819,2364],[16817,51],[16813.5,100],[16812.5,100],[16812,2000],[16811.5,1678],[16810,100]],"asks":[[16830.5,89242],[16831,9016],[16831.5,50],[16832,200],[16832.5,4000],[16835.5,100],[16836,32921],[16836.5,122],[16837,2500],[16839.5,120]],"timestamp":"2017-12-20T05:34:32.014Z"}]}
13:34:16   {"table":"orderBook10","action":"update","data":[{"symbol":"XBTUSD","bids":[[16830,144964],[16828,200],[16827.5,481],[16819,2364],[16817,51],[16813.5,100],[16812.5,100],[16812,2000],[16811.5,1678],[16810,100]],"asks":[[16830.5,89142],[16831,9016],[16831.5,50],[16832,200],[16832.5,4000],[16835.5,100],[16836,32921],[16836.5,122],[16837,2500],[16839.5,120]],"timestamp":"2017-12-20T05:34:32.020Z"}]}
13:34:16   {"table":"orderBook10","action":"update","data":[{"symbol":"XBTUSD","bids":[[16830,144974],[16828,200],[16827.5,481],[16819,2364],[16817,51],[16813.5,100],[16812.5,100],[16812,2000],[16811.5,1678],[16810,100]],"asks":[[16830.5,89142],[16831,9016],[16831.5,50],[16832,200],[16832.5,4000],[16835.5,100],[16836,32921],[16836.5,122],[16837,2500],[16839.5,120]],"timestamp":"2017-12-20T05:34:32.024Z"}]}
13:34:16   {"table":"orderBook10","action":"update","data":[{"symbol":"XBTUSD","bids":[[16830,144974],[16828,200],[16827.5,481],[16819,2364],[16817,51],[16813.5,100],[16812,2100],[16811.5,1678],[16810,100],[16808,846]],"asks":[[16830.5,89142],[16831,9016],[16831.5,50],[16832,200],[16832.5,4000],[16835.5,100],[16836,32921],[16836.5,122],[16837,2500],[16839.5,120]],"timestamp":"2017-12-20T05:34:32.075Z"}]}
13:34:16   {"table":"orderBook10","action":"update","data":[{"symbol":"XBTUSD","bids":[[16830,147813],[16828,200],[16827.5,481],[16819,2364],[16817,51],[16813.5,100],[16812,2100],[16811.5,1678],[16810,100],[16808,846]],"asks":[[16830.5,89142],[16831,9016],[16831.5,50],[16832,200],[16832.5,4000],[16835.5,100],[16836,32921],[16836.5,122],[16837,2500],[16839.5,120]],"timestamp":"2017-12-20T05:34:32.153Z"}]}
13:34:16   {"table":"orderBook10","action":"update","data":[{"symbol":"XBTUSD","bids":[[16830,147813],[16828,200],[16827.5,481],[16819,2364],[16817,51],[16813.5,100],[16812,2100],[16811.5,1678],[16810,100],[16808,846]],"asks":[[16830.5,73242],[16831,9016],[16831.5,50],[16832,200],[16832.5,4000],[16835.5,100],[16836,32921],[16836.5,122],[16837,2500],[16839.5,120]],"timestamp":"2017-12-20T05:34:32.160Z"}]}
13:34:16   {"table":"orderBook10","action":"update","data":[{"symbol":"XBTUSD","bids":[[16830,147813],[16828,200],[16827.5,481],[16819,2364],[16817,51],[16813.5,100],[16812,2100],[16811.5,1678],[16810,100],[16808,846]],"asks":[[16830.5,73302],[16831,9016],[16831.5,170],[16832,200],[16832.5,4000],[16835.5,100],[16836,32921],[16837,2500],[16840,1800],[16840.5,2700]],"timestamp":"2017-12-20T05:34:32.224Z"}]}
13:34:16   {"table":"orderBook10","action":"update","data":[{"symbol":"XBTUSD","bids":[[16830,147823],[16828,200],[16827.5,481],[16819,2364],[16817,51],[16813.5,100],[16812,2100],[16811.5,1678],[16810,100],[16808,846]],"asks":[[16830.5,73302],[16831,9016],[16831.5,170],[16832,200],[16832.5,4000],[16835.5,100],[16836,32921],[16837,2500],[16840,1800],[16840.5,2700]],"timestamp":"2017-12-20T05:34:32.266Z"}]}
13:34:16   {"table":"orderBook10","action":"update","data":[{"symbol":"XBTUSD","bids":[[16830,147823],[16828,200],[16827.5,481],[16819,2364],[16817,51],[16815,20000],[16813.5,100],[16812,2100],[16811.5,1678],[16810,100]],"asks":[[16830.5,73302],[16831,9016],[16831.5,170],[16832,200],[16832.5,4000],[16835.5,100],[16836,32921],[16837,2500],[16840,1800],[16840.5,2700]],"timestamp":"2017-12-20T05:34:32.278Z"}]}
13:34:16   {"table":"orderBook10","action":"update","data":[{"symbol":"XBTUSD","bids":[[16830,147823],[16828,200],[16827.5,481],[16819,2364],[16817,51],[16815,20000],[16813.5,100],[16812,2100],[16811.5,1678],[16810,100]],"asks":[[16830.5,73302],[16831,1016],[16831.5,170],[16832,200],[16832.5,4000],[16835.5,100],[16836,32921],[16837,2500],[16840,1800],[16840.5,2700]],"timestamp":"2017-12-20T05:34:32.294Z"}]}
13:34:16   {"table":"orderBook10","action":"update","data":[{"symbol":"XBTUSD","bids":[[16830,147823],[16828,200],[16827.5,481],[16819,2364],[16817,51],[16815,20000],[16813.5,100],[16812,2100],[16811.5,1678],[16810,100]],"asks":[[16830.5,79065],[16831,1016],[16831.5,170],[16832,200],[16832.5,4000],[16835.5,100],[16836,32921],[16837,2500],[16840,1800],[16840.5,2700]],"timestamp":"2017-12-20T05:34:32.305Z"}]}
13:34:16   {"table":"orderBook10","action":"update","data":[{"symbol":"XBTUSD","bids":[[16830,147823],[16828,200],[16827.5,481],[16819,2364],[16817,51],[16815,20000],[16813.5,100],[16812,2100],[16811.5,1678],[16810,100]],"asks":[[16830.5,82065],[16831,1016],[16831.5,170],[16832,200],[16832.5,4000],[16835.5,100],[16836,32921],[16837,2500],[16840,1800],[16840.5,2700]],"timestamp":"2017-12-20T05:34:32.312Z"}]}
13:34:16   {"table":"orderBook10","action":"update","data":[{"symbol":"XBTUSD","bids":[[16830,147823],[16828,200],[16827.5,481],[16819,2364],[16817,51],[16815,20000],[16813.5,100],[16812,2100],[16811,1678],[16810,100]],"asks":[[16830.5,82065],[16831,1016],[16831.5,170],[16832,200],[16832.5,4000],[16835.5,100],[16836,32921],[16837,2500],[16840,1800],[16840.5,2700]],"timestamp":"2017-12-20T05:34:32.319Z"}]}
13:34:16   {"table":"orderBook10","action":"update","data":[{"symbol":"XBTUSD","bids":[[16830,147823],[16828,200],[16827.5,481],[16819,2364],[16817,51],[16815,20000],[16813.5,100],[16812,2100],[16811,1678],[16810,100]],"asks":[[16830.5,82065],[16831,1016],[16831.5,170],[16832,200],[16835.5,100],[16836,32921],[16837,2500],[16840,1800],[16840.5,2700],[16841,5250]],"timestamp":"2017-12-20T05:34:32.375Z"}]}
13:34:16   {"table":"orderBook10","action":"update","data":[{"symbol":"XBTUSD","bids":[[16830,147823],[16828,200],[16827.5,481],[16819,2364],[16817,51],[16815,20000],[16813.5,100],[16812,2100],[16811,1678],[16810,100]],"asks":[[16830.5,80065],[16831,1016],[16831.5,170],[16832,200],[16835.5,100],[16836,32921],[16837,2500],[16840,1800],[16840.5,2700],[16841,5250]],"timestamp":"2017-12-20T05:34:32.421Z"}]}
13:34:16   {"table":"orderBook10","action":"update","data":[{"symbol":"XBTUSD","bids":[[16830,147823],[16829,481],[16828,200],[16819,2364],[16817,51],[16815,20000],[16813.5,100],[16812,2100],[16811,1678],[16810,100]],"asks":[[16830.5,80065],[16831,1016],[16831.5,170],[16832,200],[16835.5,100],[16836,32921],[16837,2500],[16840,1800],[16840.5,2700],[16841,5250]],"timestamp":"2017-12-20T05:34:32.619Z"}]}
13:34:16   {"table":"orderBook10","action":"update","data":[{"symbol":"XBTUSD","bids":[[16830,147823],[16829,481],[16828,200],[16819,2364],[16817,51],[16815,20000],[16813.5,100],[16812,2100],[16811,1678],[16810,100]],"asks":[[16830.5,80065],[16831,1016],[16831.5,50],[16832,200],[16835.5,100],[16836,32921],[16837,2500],[16840,1800],[16840.5,2700],[16841,5250]],"timestamp":"2017-12-20T05:34:32.624Z"}]}
13:34:16   {"table":"orderBook10","action":"update","data":[{"symbol":"XBTZ17","bids":[[16916,39788],[16909.5,200],[16906,5000],[16904.5,2120],[16902,40600],[16895.5,8500],[16891.5,5761],[16891,38280],[16885.5,5762],[16884.5,2542]],"asks":[[16916.5,5721],[16929,1000],[16950,5000],[16951.5,200],[16954,77],[16956,7078],[16957,2852],[16957.5,39838],[16959.5,8000],[16960,65115]],"timestamp":"2017-12-20T05:34:32.852Z"}]}
13:34:16   {"table":"orderBook10","action":"update","data":[{"symbol":"XBTUSD","bids":[[16830,133528],[16829,481],[16828,200],[16819,2364],[16817,51],[16815,20000],[16813.5,100],[16812,2100],[16811,1678],[16810,100]],"asks":[[16830.5,80065],[16831,1016],[16831.5,50],[16832,200],[16835.5,100],[16836,32921],[16837,2500],[16840,1800],[16840.5,2700],[16841,5250]],"timestamp":"2017-12-20T05:34:32.647Z"}]}
13:34:16   {"table":"orderBook10","action":"update","data":[{"symbol":"XBTUSD","bids":[[16830,130966],[16829,481],[16828,200],[16819,2364],[16817,51],[16815,20000],[16813.5,100],[16812,2100],[16811,1678],[16810,100]],"asks":[[16830.5,80065],[16831,1016],[16831.5,50],[16832,200],[16835.5,100],[16836,32921],[16837,2500],[16840,1800],[16840.5,2700],[16841,5250]],"timestamp":"2017-12-20T05:34:32.728Z"}]}
13:34:16   {"table":"orderBook10","action":"update","data":[{"symbol":"XBTUSD","bids":[[16830,207903],[16829,481],[16828,200],[16819,2364],[16817,51],[16815,20000],[16813.5,100],[16812,2100],[16811,1678],[16810,100]],"asks":[[16830.5,80065],[16831,1016],[16831.5,50],[16832,200],[16835.5,100],[16836,32921],[16837,2500],[16840,1800],[16840.5,2700],[16841,5250]],"timestamp":"2017-12-20T05:34:32.855Z"}]}
13:34:16   {"table":"orderBook10","action":"update","data":[{"symbol":"XBTUSD","bids":[[16830,207903],[16829,481],[16828,200],[16819,2364],[16817,51],[16815,20000],[16813.5,100],[16812,2100],[16811,1678],[16810,100]],"asks":[[16830.5,80005],[16831,1016],[16831.5,50],[16832,200],[16835.5,100],[16836,32921],[16837,2500],[16840,1800],[16840.5,2700],[16841,5250]],"timestamp":"2017-12-20T05:34:32.968Z"}]}
13:34:16   {"table":"orderBook10","action":"update","data":[{"symbol":"XBTUSD","bids":[[16830,207903],[16829,481],[16828,200],[16819,2364],[16817,51],[16815,20000],[16813.5,100],[16812,2100],[16811,1678],[16810,100]],"asks":[[16830.5,83005],[16831,1016],[16831.5,50],[16832,200],[16835.5,100],[16836,32921],[16837,2500],[16840,1800],[16840.5,2700],[16841,5250]],"timestamp":"2017-12-20T05:34:32.980Z"}]}
13:34:16   {"table":"orderBook10","action":"update","data":[{"symbol":"XBTUSD","bids":[[16830,210903],[16829,481],[16828,200],[16819,2364],[16817,51],[16815,20000],[16813.5,100],[16812,2100],[16811,1678],[16810,100]],"asks":[[16830.5,83005],[16831,1016],[16831.5,50],[16832,200],[16835.5,100],[16836,32921],[16837,2500],[16840,1800],[16840.5,2700],[16841,5250]],"timestamp":"2017-12-20T05:34:32.994Z"}]}
13:34:16   {"table":"orderBook10","action":"update","data":[{"symbol":"XBTUSD","bids":[[16830,210903],[16829,481],[16828,200],[16819,2364],[16817,51],[16815,20000],[16813.5,100],[16812,2100],[16811,1678],[16810,100]],"asks":[[16830.5,83005],[16831,1016],[16831.5,50],[16832,200],[16835,1000],[16835.5,100],[16836,32921],[16837,3500],[16839,1000],[16840,1800]],"timestamp":"2017-12-20T05:34:33.000Z"}]}
13:34:16   {"table":"orderBook10","action":"update","data":[{"symbol":"XBTUSD","bids":[[16830,210903],[16829,481],[16828,200],[16819,2364],[16817,51],[16815,20000],[16813.5,100],[16812,2100],[16811,1678],[16810,100]],"asks":[[16830.5,49295],[16831,1016],[16831.5,50],[16832,200],[16835,1000],[16835.5,100],[16836,32921],[16837,3500],[16839,1000],[16840,1800]],"timestamp":"2017-12-20T05:34:33.009Z"}]}
13:34:16   {"table":"orderBook10","action":"update","data":[{"symbol":"XBTUSD","bids":[[16830,210903],[16829,481],[16828,200],[16819,2364],[16817,51],[16815,20000],[16813.5,100],[16812,2000],[16811,1678],[16810,100]],"asks":[[16830.5,49295],[16831,1016],[16831.5,50],[16832,200],[16832.5,100],[16835,1000],[16836,32921],[16837,3500],[16839,1000],[16840,1800]],"timestamp":"2017-12-20T05:34:33.076Z"}]}
13:34:16   {"table":"orderBook10","action":"update","data":[{"symbol":"XBTUSD","bids":[[16830,210703],[16829,481],[16828,200],[16819,2364],[16817,51],[16815,20000],[16813.5,100],[16812,2000],[16811,1678],[16810,100]],"asks":[[16830.5,49295],[16831,1016],[16831.5,50],[16832,200],[16832.5,100],[16835,1000],[16836,32921],[16837,3500],[16839,1000],[16840,1800]],"timestamp":"2017-12-20T05:34:33.081Z"}]}
13:34:16   {"table":"orderBook10","action":"update","data":[{"symbol":"XBTUSD","bids":[[16830,211093],[16829,481],[16828,200],[16819,2364],[16817,51],[16815,20000],[16813.5,100],[16812,2000],[16811,1678],[16810,100]],"asks":[[16830.5,49295],[16831,1016],[16831.5,50],[16832,200],[16832.5,100],[16835,1000],[16836,32921],[16837,3500],[16839,1000],[16840,1800]],"timestamp":"2017-12-20T05:34:33.193Z"}]}
13:34:16   {"table":"orderBook10","action":"update","data":[{"symbol":"XBTUSD","bids":[[16830,210893],[16829,481],[16828,200],[16819,2364],[16817,51],[16815,20000],[16813.5,100],[16812,2000],[16811,1678],[16810,100]],"asks":[[16830.5,49295],[16831,1016],[16831.5,50],[16832,200],[16832.5,100],[16835,1000],[16836,32921],[16837,3500],[16839,1000],[16840,1800]],"timestamp":"2017-12-20T05:34:33.223Z"}]}
13:34:16   {"table":"orderBook10","action":"update","data":[{"symbol":"XBTUSD","bids":[[16830,210893],[16829,481],[16828,200],[16819,2364],[16817,51],[16815,20000],[16813.5,100],[16812,2000],[16811,1678],[16810,100]],"asks":[[16830.5,49495],[16831,1016],[16831.5,50],[16832.5,100],[16835,1000],[16836,32921],[16837,3500],[16839,1000],[16840,1800],[16840.5,2700]],"timestamp":"2017-12-20T05:34:33.325Z"}]}
13:34:16   {"table":"orderBook10","action":"update","data":[{"symbol":"XBTUSD","bids":[[16830,210742],[16829,481],[16828,200],[16819,2364],[16817,51],[16815,20000],[16813.5,100],[16812,2000],[16811,1678],[16810,100]],"asks":[[16830.5,49495],[16831,1016],[16831.5,50],[16832.5,100],[16835,1000],[16836,32921],[16837,3500],[16839,1000],[16840,1800],[16840.5,2700]],"timestamp":"2017-12-20T05:34:33.393Z"}]}
13:34:16   {"table":"orderBook10","action":"update","data":[{"symbol":"XBTUSD","bids":[[16830,210752],[16829,481],[16828,200],[16819,2364],[16817,51],[16815,20000],[16813.5,100],[16812,2000],[16811,1678],[16810,100]],"asks":[[16830.5,49495],[16831,1016],[16831.5,50],[16832.5,100],[16835,1000],[16836,32921],[16837,3500],[16839,1000],[16840,1800],[16840.5,2700]],"timestamp":"2017-12-20T05:34:33.448Z"}]}
13:34:17   {"table":"orderBook10","action":"update","data":[{"symbol":"XBTZ17","bids":[[16916,39788],[16906,5000],[16904.5,2120],[16904,200],[16902,40600],[16895.5,8500],[16891.5,5761],[16891,38280],[16885.5,5762],[16884.5,2542]],"asks":[[16916.5,5721],[16929,1000],[16946,200],[16950,5000],[16954,77],[16956,7078],[16957,2852],[16957.5,39838],[16959.5,8000],[16960,65115]],"timestamp":"2017-12-20T05:34:33.493Z"}]}
13:34:17   {"table":"orderBook10","action":"update","data":[{"symbol":"XBTUSD","bids":[[16830,220652],[16829,481],[16828,200],[16819,2364],[16817,51],[16815,20000],[16813.5,100],[16812,2000],[16811,1678],[16810,100]],"asks":[[16830.5,49495],[16831,1016],[16831.5,50],[16832.5,100],[16835,1000],[16836,32921],[16837,3500],[16839,1000],[16840,1800],[16840.5,2700]],"timestamp":"2017-12-20T05:34:33.459Z"}]}
13:34:17   {"table":"orderBook10","action":"update","data":[{"symbol":"XBTUSD","bids":[[16830,220652],[16829,481],[16828,200],[16819,2364],[16817,51],[16815,20000],[16813.5,100],[16812,2000],[16811,1678],[16810,100]],"asks":[[16830.5,46495],[16831,1016],[16831.5,50],[16832.5,100],[16835,1000],[16836,32921],[16837,3500],[16839,1000],[16840,1800],[16840.5,2700]],"timestamp":"2017-12-20T05:34:33.498Z"}]}
13:34:17   {"table":"orderBook10","action":"update","data":[{"symbol":"XBTUSD","bids":[[16830,217652],[16829,481],[16828,200],[16819,2364],[16817,51],[16815,20000],[16813.5,100],[16812,2000],[16811,1678],[16810,100]],"asks":[[16830.5,46495],[16831,1016],[16831.5,50],[16832.5,100],[16835,1000],[16836,32921],[16837,3500],[16839,1000],[16840,1800],[16840.5,2700]],"timestamp":"2017-12-20T05:34:33.501Z"}]}
13:34:17   {"table":"orderBook10","action":"update","data":[{"symbol":"XBTUSD","bids":[[16830,217652],[16829,481],[16828,200],[16819,2364],[16817,51],[16815,20000],[16813.5,100],[16812,2000],[16811,1678],[16810,100]],"asks":[[16830.5,40732],[16831,1016],[16831.5,50],[16832.5,100],[16835,1000],[16836,32921],[16837,3500],[16839,1000],[16840,1800],[16840.5,2700]],"timestamp":"2017-12-20T05:34:33.577Z"}]}
13:34:17   {"table":"orderBook10","action":"update","data":[{"symbol":"XBTUSD","bids":[[16830,217642],[16829,481],[16828,200],[16819,2364],[16817,51],[16815,20000],[16813.5,100],[16812,2000],[16811,1678],[16810,100]],"asks":[[16830.5,40732],[16831,1016],[16831.5,50],[16832.5,100],[16835,1000],[16836,32921],[16837,3500],[16839,1000],[16840,1800],[16840.5,2700]],"timestamp":"2017-12-20T05:34:33.595Z"}]}
13:34:17   {"table":"orderBook10","action":"update","data":[{"symbol":"XBTUSD","bids":[[16830,220642],[16829,481],[16828,200],[16819,2364],[16817,51],[16815,20000],[16813.5,100],[16812,2000],[16811,1678],[16810,100]],"asks":[[16830.5,40732],[16831,1016],[16831.5,50],[16832.5,100],[16835,1000],[16836,32921],[16837,3500],[16839,1000],[16840,1800],[16840.5,2700]],"timestamp":"2017-12-20T05:34:33.609Z"}]}
13:34:17   {"table":"orderBook10","action":"update","data":[{"symbol":"XBTUSD","bids":[[16830,228328],[16829,481],[16828,200],[16819,2364],[16817,51],[16815,20000],[16813.5,100],[16812,2000],[16811,1678],[16810,100]],"asks":[[16830.5,40732],[16831,1016],[16831.5,50],[16832.5,100],[16835,1000],[16836,32921],[16837,3500],[16839,1000],[16840,1800],[16840.5,2700]],"timestamp":"2017-12-20T05:34:33.661Z"}]}
13:34:17   {"table":"orderBook10","action":"update","data":[{"symbol":"XBTUSD","bids":[[16830,228318],[16829,481],[16828,200],[16819,2364],[16817,51],[16815,20000],[16813.5,100],[16812,2000],[16811,1678],[16810,100]],"asks":[[16830.5,40732],[16831,1016],[16831.5,50],[16832.5,100],[16835,1000],[16836,32921],[16837,3500],[16839,1000],[16840,1800],[16840.5,2700]],"timestamp":"2017-12-20T05:34:33.674Z"}]}
13:34:17   {"table":"orderBook10","action":"update","data":[{"symbol":"XBTUSD","bids":[[16830,228308],[16829,481],[16828,200],[16819,2364],[16817,51],[16815,20000],[16813.5,100],[16812,2000],[16811,1678],[16810,100]],"asks":[[16830.5,40732],[16831,1016],[16831.5,50],[16832.5,100],[16835,1000],[16836,32921],[16837,3500],[16839,1000],[16840,1800],[16840.5,2700]],"timestamp":"2017-12-20T05:34:33.773Z"}]}
13:34:17   {"table":"orderBook10","action":"update","data":[{"symbol":"XBTUSD","bids":[[16830,228308],[16829,481],[16828,200],[16819,2364],[16817,51],[16815,20000],[16813.5,100],[16812,2000],[16811,1678],[16810,100]],"asks":[[16830.5,40532],[16831,1016],[16831.5,50],[16832.5,100],[16835,1000],[16836,32921],[16836.5,200],[16837,3500],[16839,1000],[16840,1800]],"timestamp":"2017-12-20T05:34:33.776Z"}]}
13:34:17   {"table":"orderBook10","action":"update","data":[{"symbol":"XBTUSD","bids":[[16830,225308],[16829,481],[16828,200],[16819,2364],[16817,51],[16815,20000],[16813.5,100],[16812,2000],[16811,1678],[16810,100]],"asks":[[16830.5,40532],[16831,1016],[16831.5,50],[16832.5,100],[16835,1000],[16836,32921],[16836.5,200],[16837,3500],[16839,1000],[16840,1800]],"timestamp":"2017-12-20T05:34:33.803Z"}]}
13:34:17   {"table":"orderBook10","action":"update","data":[{"symbol":"XBTUSD","bids":[[16830,225308],[16829,481],[16828,200],[16819,2364],[16817,51],[16815,20000],[16813.5,100],[16812,2000],[16811,1678],[16810,100]],"asks":[[16830.5,37469],[16831,1016],[16831.5,50],[16832.5,100],[16835,1000],[16836,32921],[16836.5,200],[16837,3500],[16839,1000],[16840,1800]],"timestamp":"2017-12-20T05:34:33.821Z"}]}
13:34:17   {"table":"orderBook10","action":"update","data":[{"symbol":"XBTUSD","bids":[[16830,225308],[16829,481],[16828,200],[16819,2364],[16817,51],[16815,20000],[16813.5,100],[16812,2000],[16811,1678],[16810,100]],"asks":[[16830.5,71179],[16831,1016],[16831.5,50],[16832.5,100],[16835,1000],[16836,32921],[16836.5,200],[16837,3500],[16839,1000],[16840,1800]],"timestamp":"2017-12-20T05:34:33.825Z"}]}
13:34:17   {"table":"orderBook10","action":"update","data":[{"symbol":"XBTUSD","bids":[[16830,225318],[16829,481],[16828,200],[16819,2364],[16817,51],[16815,20000],[16813.5,100],[16812,2000],[16811,1678],[16810,100]],"asks":[[16830.5,71179],[16831,1016],[16831.5,50],[16832.5,100],[16835,1000],[16836,32921],[16836.5,200],[16837,3500],[16839,1000],[16840,1800]],"timestamp":"2017-12-20T05:34:33.831Z"}]}
13:34:17   {"table":"orderBook10","action":"update","data":[{"symbol":"XBTZ17","bids":[[16916,39788],[16912,36663],[16906,5000],[16904.5,2120],[16904,200],[16902,40600],[16895.5,8500],[16891.5,5761],[16891,38280],[16885.5,5762]],"asks":[[16916.5,5721],[16929,1000],[16946,200],[16950,5000],[16954,77],[16956,7078],[16957,2852],[16957.5,39838],[16959.5,8000],[16960,65115]],"timestamp":"2017-12-20T05:34:33.920Z"}]}
13:34:17   {"table":"orderBook10","action":"update","data":[{"symbol":"XBTUSD","bids":[[16830,225318],[16829,481],[16828,200],[16819,2364],[16817,51],[16815,20000],[16812,2000],[16811,1678],[16810,100],[16808.5,10100]],"asks":[[16830.5,71179],[16831,1016],[16831.5,50],[16832.5,100],[16835,1000],[16836,32921],[16836.5,200],[16837,3500],[16839,1000],[16840,1800]],"timestamp":"2017-12-20T05:34:33.874Z"}]}
13:34:17   {"table":"orderBook10","action":"update","data":[{"symbol":"XBTUSD","bids":[[16830,225328],[16829,481],[16828,200],[16819,2364],[16817,51],[16815,20000],[16812,2000],[16811,1678],[16810,100],[16808.5,10100]],"asks":[[16830.5,71179],[16831,1016],[16831.5,50],[16832.5,100],[16835,1000],[16836,32921],[16836.5,200],[16837,3500],[16839,1000],[16840,1800]],"timestamp":"2017-12-20T05:34:33.893Z"}]}
13:34:17   {"table":"orderBook10","action":"update","data":[{"symbol":"XBTUSD","bids":[[16830,224938],[16829,481],[16828,200],[16819,2364],[16817,51],[16815,20000],[16812,2000],[16811,1678],[16810,100],[16808.5,10100]],"asks":[[16830.5,71179],[16831,1016],[16831.5,50],[16832.5,100],[16835,1000],[16836,32921],[16836.5,200],[16837,3500],[16839,1000],[16840,1800]],"timestamp":"2017-12-20T05:34:33.899Z"}]}
13:34:17   {"table":"orderBook10","action":"update","data":[{"symbol":"XBTUSD","bids":[[16830,224938],[16829,481],[16828,200],[16819,2364],[16817,51],[16815,20000],[16814,100],[16812,2000],[16811,1678],[16810,100]],"asks":[[16830.5,71179],[16831,1016],[16831.5,50],[16835,1000],[16836,32921],[16836.5,200],[16837,3500],[16838.5,100],[16839,1000],[16840,1800]],"timestamp":"2017-12-20T05:34:33.902Z"}]}
13:34:17   {"table":"orderBook10","action":"update","data":[{"symbol":"XBTUSD","bids":[[16830,224948],[16829,481],[16828,200],[16819,2364],[16817,51],[16815,20000],[16814,100],[16812,2000],[16811,1678],[16810,100]],"asks":[[16830.5,71179],[16831,1016],[16831.5,50],[16835,1000],[16836,32921],[16836.5,200],[16837,3500],[16838.5,100],[16839,1000],[16840,1800]],"timestamp":"2017-12-20T05:34:33.907Z"}]}
13:34:17   {"table":"orderBook10","action":"update","data":[{"symbol":"XBTUSD","bids":[[16830,224948],[16829,481],[16828,200],[16819,2364],[16817,51],[16815,20000],[16814,100],[16812,2000],[16811,1678],[16810,100]],"asks":[[16830.5,70179],[16831,1016],[16831.5,50],[16835,1000],[16836,32921],[16836.5,200],[16837,3500],[16838.5,100],[16839,1000],[16840,1800]],"timestamp":"2017-12-20T05:34:33.913Z"}]}
13:34:17   {"table":"orderBook10","action":"update","data":[{"symbol":"XBTUSD","bids":[[16830,224938],[16829,481],[16828,200],[16819,2364],[16817,51],[16815,20000],[16814,100],[16812,2000],[16811,1678],[16810,100]],"asks":[[16830.5,70179],[16831,1016],[16831.5,50],[16835,1000],[16836,32921],[16836.5,200],[16837,3500],[16838.5,100],[16839,1000],[16840,1800]],"timestamp":"2017-12-20T05:34:33.917Z"}]}
13:34:17   {"table":"orderBook10","action":"update","data":[{"symbol":"XBTUSD","bids":[[16830,224948],[16829,481],[16828,200],[16819,2364],[16817,51],[16815,20000],[16814,100],[16812,2000],[16811,1678],[16810,100]],"asks":[[16830.5,70179],[16831,1016],[16831.5,50],[16835,1000],[16836,32921],[16836.5,200],[16837,3500],[16838.5,100],[16839,1000],[16840,1800]],"timestamp":"2017-12-20T05:34:33.981Z"}]}
13:34:17   {"table":"orderBook10","action":"update","data":[{"symbol":"XBTUSD","bids":[[16830,232333],[16829,481],[16828,200],[16819,2364],[16817,51],[16815,20000],[16814,100],[16812,2000],[16811,1678],[16810,100]],"asks":[[16830.5,70179],[16831,1016],[16831.5,50],[16835,1000],[16836,32921],[16836.5,200],[16837,3500],[16838.5,100],[16839,1000],[16840,1800]],"timestamp":"2017-12-20T05:34:34.014Z"}]}
13:34:17   {"table":"orderBook10","action":"update","data":[{"symbol":"XBTUSD","bids":[[16830,232333],[16829,481],[16828,200],[16819,2364],[16817,51],[16815,20000],[16814,100],[16812,2000],[16811,1678],[16810,100]],"asks":[[16830.5,68179],[16831,1016],[16831.5,50],[16835,1000],[16836,32921],[16836.5,200],[16837,3500],[16838.5,100],[16839,1000],[16840,1800]],"timestamp":"2017-12-20T05:34:34.020Z"}]}
13:34:18   {"table":"orderBook10","action":"update","data":[{"symbol":"XBTUSD","bids":[[16830,248623],[16829,481],[16828,200],[16819,2364],[16817,51],[16815,20000],[16814,100],[16812,2000],[16811,1678],[16810,100]],"asks":[[16830.5,68179],[16831,1016],[16831.5,50],[16835,1000],[16836,32921],[16836.5,200],[16837,3500],[16838.5,100],[16839,1000],[16840,1800]],"timestamp":"2017-12-20T05:34:34.063Z"}]}
13:34:19   {"table":"orderBook10","action":"update","data":[{"symbol":"XBTUSD","bids":[[16830,248623],[16829,481],[16828,200],[16819,2364],[16817,51],[16815,20000],[16814,100],[16812,2000],[16811,1678],[16810,100]],"asks":[[16830.5,68179],[16831,1016],[16831.5,50],[16835,1000],[16835.5,200],[16836,32921],[16837,3500],[16838.5,100],[16839,1000],[16840,1800]],"timestamp":"2017-12-20T05:34:34.892Z"}]}
13:34:19   {"table":"orderBook10","action":"update","data":[{"symbol":"XBTUSD","bids":[[16830,248623],[16829,481],[16828,200],[16819,2364],[16817,51],[16815,20000],[16814,100],[16812,2000],[16811,1678],[16810,100]],"asks":[[16830.5,34469],[16831,1016],[16831.5,50],[16835,1000],[16835.5,200],[16836,32921],[16837,3500],[16838.5,100],[16839,1000],[16840,1800]],"timestamp":"2017-12-20T05:34:34.898Z"}]}
13:34:19   {"table":"orderBook10","action":"update","data":[{"symbol":"XBTUSD","bids":[[16830,248623],[16829,481],[16828,200],[16819,2364],[16817,51],[16815,20000],[16814,100],[16812,2000],[16811,1678],[16810,100]],"asks":[[16830.5,34649],[16831,1016],[16831.5,50],[16835,1000],[16835.5,200],[16836,32921],[16837,3500],[16838.5,100],[16839,1000],[16840,1800]],"timestamp":"2017-12-20T05:34:34.901Z"}]}
13:34:19   {"table":"orderBook10","action":"update","data":[{"symbol":"XBTUSD","bids":[[16830,240937],[16829,481],[16828,200],[16819,2364],[16817,51],[16815,20000],[16814,100],[16812,2000],[16811,1678],[16810,100]],"asks":[[16830.5,34649],[16831,1016],[16831.5,50],[16835,1000],[16835.5,200],[16836,32921],[16837,3500],[16838.5,100],[16839,1000],[16840,1800]],"timestamp":"2017-12-20T05:34:34.923Z"}]}
13:34:19   {"table":"orderBook10","action":"update","data":[{"symbol":"XBTUSD","bids":[[16830,240947],[16829,481],[16828,200],[16819,2364],[16817,51],[16815,20000],[16814,100],[16812,2000],[16811,1678],[16810,100]],"asks":[[16830.5,34649],[16831,1016],[16831.5,50],[16835,1000],[16835.5,200],[16836,32921],[16837,3500],[16838.5,100],[16839,1000],[16840,1800]],"timestamp":"2017-12-20T05:34:34.956Z"}]}
13:34:19   {"table":"orderBook10","action":"update","data":[{"symbol":"XBTUSD","bids":[[16830,233562],[16829,481],[16828,200],[16819,2364],[16817,51],[16815,20000],[16814,100],[16812,2000],[16811,1678],[16810,100]],"asks":[[16830.5,34649],[16831,1016],[16831.5,50],[16835,1000],[16835.5,200],[16836,32921],[16837,3500],[16838.5,100],[16839,1000],[16840,1800]],"timestamp":"2017-12-20T05:34:35.015Z"}]}
13:34:19   {"table":"orderBook10","action":"update","data":[{"symbol":"XBTUSD","bids":[[16830,233562],[16829,481],[16828,200],[16819,2364],[16817,51],[16815,20000],[16814,100],[16813.5,16814],[16812,2000],[16811,1678]],"asks":[[16830.5,34649],[16831,1016],[16831.5,50],[16835,1000],[16835.5,200],[16836,32921],[16837,3500],[16838.5,100],[16839,1000],[16840,1800]],"timestamp":"2017-12-20T05:34:35.260Z"}]}
13:34:19   {"table":"orderBook10","action":"update","data":[{"symbol":"XBTUSD","bids":[[16830,233562],[16829,481],[16828,200],[16819,2364],[16815,20000],[16814,100],[16813.5,16814],[16812,2000],[16811,1678],[16810,100]],"asks":[[16830.5,34649],[16831,1016],[16831.5,50],[16835,1000],[16835.5,200],[16836,32921],[16837,3500],[16838.5,100],[16839,1000],[16840,1800]],"timestamp":"2017-12-20T05:34:35.276Z"}]}
13:34:19   {"table":"orderBook10","action":"update","data":[{"symbol":"XBTUSD","bids":[[16830,233562],[16829,481],[16828,200],[16819,2364],[16815,20000],[16814,100],[16813.5,16814],[16812.5,1678],[16812,2000],[16810,100]],"asks":[[16830.5,34649],[16831,1016],[16831.5,50],[16835,1000],[16835.5,200],[16836,32921],[16837,3500],[16838.5,100],[16839,1000],[16840,1800]],"timestamp":"2017-12-20T05:34:35.387Z"}]}
13:34:19   {"table":"orderBook10","action":"update","data":[{"symbol":"XBTUSD","bids":[[16830,233562],[16829,481],[16828,200],[16819,2364],[16815,20000],[16814,100],[16813.5,16814],[16812.5,1678],[16812,2000],[16810,100]],"asks":[[16830.5,34829],[16831,1016],[16831.5,50],[16835,1000],[16835.5,200],[16836,32921],[16837,3500],[16838.5,100],[16839,1000],[16840,1800]],"timestamp":"2017-12-20T05:34:35.398Z"}]}
13:34:19   {"table":"orderBook10","action":"update","data":[{"symbol":"XBTUSD","bids":[[16830,233562],[16829,481],[16828,200],[16819,2364],[16815,20000],[16814,100],[16813.5,16814],[16812.5,1678],[16812,2000],[16810,100]],"asks":[[16830.5,34829],[16831,1016],[16831.5,50],[16835,1000],[16835.5,300],[16836,32921],[16837,3500],[16839,1000],[16840,1800],[16840.5,2700]],"timestamp":"2017-12-20T05:34:35.449Z"}]}
13:34:19   {"table":"orderBook10","action":"update","data":[{"symbol":"XBTUSD","bids":[[16830,233562],[16829,481],[16828,200],[16819,2364],[16815,20000],[16814,100],[16813.5,16814],[16812.5,1678],[16812,2000],[16810,100]],"asks":[[16830.5,34729],[16831,1016],[16831.5,50],[16835,1000],[16835.5,300],[16836,32921],[16837,3500],[16839,1000],[16840,1800],[16840.5,2700]],"timestamp":"2017-12-20T05:34:35.454Z"}]}
13:34:19   {"table":"orderBook10","action":"update","data":[{"symbol":"XBTUSD","bids":[[16830,233437],[16829,481],[16828,200],[16819,2364],[16815,20000],[16814,100],[16813.5,16814],[16812.5,1678],[16812,2000],[16810,100]],"asks":[[16830.5,34729],[16831,1016],[16831.5,50],[16835,1000],[16835.5,300],[16836,32921],[16837,3500],[16839,1000],[16840,1800],[16840.5,2700]],"timestamp":"2017-12-20T05:34:35.616Z"}]}
13:34:19   {"table":"orderBook10","action":"update","data":[{"symbol":"XBTUSD","bids":[[16830,233437],[16829,481],[16828,200],[16820.5,51],[16819,2364],[16815,20000],[16814,100],[16813.5,16814],[16812.5,1678],[16812,2000]],"asks":[[16830.5,34729],[16831,1016],[16831.5,50],[16835,1000],[16835.5,300],[16836,32921],[16837,3500],[16839,1000],[16840,1800],[16840.5,2700]],"timestamp":"2017-12-20T05:34:35.721Z"}]}
13:34:19   {"table":"orderBook10","action":"update","data":[{"symbol":"XBTUSD","bids":[[16830,233437],[16829,481],[16828,200],[16820.5,51],[16819,2364],[16815,20000],[16814,100],[16813.5,16814],[16812.5,1678],[16812,2000]],"asks":[[16830.5,34929],[16831,1016],[16831.5,50],[16835,1000],[16835.5,100],[16836,32921],[16837,3500],[16839,1000],[16840,1800],[16840.5,2700]],"timestamp":"2017-12-20T05:34:35.815Z"}]}
13:34:19   {"table":"orderBook10","action":"update","data":[{"symbol":"XBTUSD","bids":[[16830,233437],[16829,481],[16828,200],[16820.5,51],[16819,2364],[16815,20000],[16814,100],[16813.5,16814],[16812.5,1678],[16812,2000]],"asks":[[16830.5,68639],[16831,1016],[16831.5,50],[16835,1000],[16835.5,100],[16836,32921],[16837,3500],[16839,1000],[16840,1800],[16840.5,2700]],"timestamp":"2017-12-20T05:34:35.883Z"}]}
13:34:19   {"table":"orderBook10","action":"update","data":[{"symbol":"XBTUSD","bids":[[16830,217147],[16829,481],[16828,200],[16820.5,51],[16819,2364],[16815,20000],[16814,100],[16813.5,16814],[16812.5,1678],[16812,2000]],"asks":[[16830.5,68639],[16831,1016],[16831.5,50],[16835,1000],[16835.5,100],[16836,32921],[16837,3500],[16839,1000],[16840,1800],[16840.5,2700]],"timestamp":"2017-12-20T05:34:35.897Z"}]}
13:34:19   {"table":"orderBook10","action":"update","data":[{"symbol":"XBTUSD","bids":[[16830,217147],[16829,481],[16828,200],[16820.5,51],[16819,2364],[16815.5,100],[16815,20000],[16813.5,16814],[16812.5,1678],[16812,2000]],"asks":[[16830.5,68639],[16831,1016],[16831.5,50],[16835,1000],[16836,32921],[16837,3500],[16839,1000],[16840,1900],[16840.5,2700],[16841,6250]],"timestamp":"2017-12-20T05:34:35.901Z"}]}
13:34:19   {"table":"orderBook10","action":"update","data":[{"symbol":"XBTUSD","bids":[[16830,224833],[16829,481],[16828,200],[16820.5,51],[16819,2364],[16815.5,100],[16815,20000],[16813.5,16814],[16812.5,1678],[16812,2000]],"asks":[[16830.5,68639],[16831,1016],[16831.5,50],[16835,1000],[16836,32921],[16837,3500],[16839,1000],[16840,1900],[16840.5,2700],[16841,6250]],"timestamp":"2017-12-20T05:34:35.919Z"}]}
13:34:19   {"table":"orderBook10","action":"update","data":[{"symbol":"XBTUSD","bids":[[16830,224833],[16829,481],[16828,200],[16820.5,51],[16819,2364],[16815.5,100],[16815,20000],[16813.5,16814],[16812.5,1678],[16812,2000]],"asks":[[16830.5,71702],[16831,1016],[16831.5,50],[16835,1000],[16836,32921],[16837,3500],[16839,1000],[16840,1900],[16840.5,2700],[16841,6250]],"timestamp":"2017-12-20T05:34:35.930Z"}]}
13:34:19   {"table":"orderBook10","action":"update","data":[{"symbol":"XBTUSD","bids":[[16830,224833],[16829,481],[16828,200],[16820.5,51],[16819,2364],[16815.5,100],[16815,20000],[16813.5,16814],[16812.5,1678],[16812,2000]],"asks":[[16830.5,37992],[16831,1016],[16831.5,50],[16835,1000],[16836,32921],[16837,3500],[16839,1000],[16840,1900],[16840.5,2700],[16841,6250]],"timestamp":"2017-12-20T05:34:35.974Z"}]}
13:34:19   {"table":"orderBook10","action":"update","data":[{"symbol":"XBTUSD","bids":[[16830,241123],[16829,481],[16828,200],[16820.5,51],[16819,2364],[16815.5,100],[16815,20000],[16813.5,16814],[16812.5,1678],[16812,2000]],"asks":[[16830.5,37992],[16831,1016],[16831.5,50],[16835,1000],[16836,32921],[16837,3500],[16839,1000],[16840,1900],[16840.5,2700],[16841,6250]],"timestamp":"2017-12-20T05:34:35.978Z"}]}
13:34:19   {"table":"orderBook10","action":"update","data":[{"symbol":"XBTUSD","bids":[[16830,248508],[16829,481],[16828,200],[16820.5,51],[16819,2364],[16815.5,100],[16815,20000],[16813.5,16814],[16812.5,1678],[16812,2000]],"asks":[[16830.5,37992],[16831,1016],[16831.5,50],[16835,1000],[16836,32921],[16837,3500],[16839,1000],[16840,1900],[16840.5,2700],[16841,6250]],"timestamp":"2017-12-20T05:34:36.001Z"}]}
13:34:21   {"table":"orderBook10","action":"update","data":[{"symbol":"XBTUSD","bids":[[16830,240822],[16829,481],[16828,200],[16820.5,51],[16819,2364],[16815.5,100],[16815,20000],[16813.5,16814],[16812.5,1678],[16812,2000]],"asks":[[16830.5,37992],[16831,1016],[16831.5,50],[16835,1000],[16836,32921],[16837,3500],[16839,1000],[16840,1900],[16840.5,2700],[16841,6250]],"timestamp":"2017-12-20T05:34:36.076Z"}]}
13:34:21   {"table":"orderBook10","action":"update","data":[{"symbol":"XBTUSD","bids":[[16830,240822],[16829,481],[16828,200],[16820.5,51],[16819,2364],[16815.5,100],[16815,20000],[16813.5,16814],[16812.5,1678],[16812,2000]],"asks":[[16830.5,37892],[16831,1016],[16831.5,50],[16835,1000],[16836,32921],[16837,3500],[16839,1000],[16840,1900],[16840.5,2700],[16841,6250]],"timestamp":"2017-12-20T05:34:36.084Z"}]}
13:34:21   {"table":"orderBook10","action":"update","data":[{"symbol":"XBTUSD","bids":[[16830,240822],[16829,481],[16828,200],[16820.5,51],[16819,2364],[16815.5,100],[16815,20000],[16813.5,16814],[16812.5,1678],[16812,2000]],"asks":[[16830.5,71602],[16831,1016],[16831.5,50],[16835,1000],[16836,32921],[16837,3500],[16839,1000],[16840,1900],[16840.5,2700],[16841,6250]],"timestamp":"2017-12-20T05:34:36.780Z"}]}
13:34:21   {"table":"orderBook10","action":"update","data":[{"symbol":"XBTZ17","bids":[[16916,39788],[16912,36663],[16911,5000],[16904.5,2120],[16904,200],[16902,40600],[16895.5,8500],[16891.5,5761],[16891,38280],[16885.5,5762]],"asks":[[16916.5,5721],[16929,1000],[16946,200],[16950,5000],[16954,77],[16956,7078],[16957,2852],[16957.5,39838],[16959.5,8000],[16960,65115]],"timestamp":"2017-12-20T05:34:37.716Z"}]}
13:34:21   {"table":"orderBook10","action":"update","data":[{"symbol":"XBTUSD","bids":[[16830,224532],[16829,481],[16828,200],[16820.5,51],[16819,2364],[16815.5,100],[16815,20000],[16813.5,16814],[16812.5,1678],[16812,2000]],"asks":[[16830.5,71602],[16831,1016],[16831.5,50],[16835,1000],[16836,32921],[16837,3500],[16839,1000],[16840,1900],[16840.5,2700],[16841,6250]],"timestamp":"2017-12-20T05:34:36.786Z"}]}
13:34:21   {"table":"orderBook10","action":"update","data":[{"symbol":"XBTUSD","bids":[[16830,224532],[16829,481],[16828,200],[16820.5,51],[16819,2364],[16815.5,100],[16815,20000],[16813.5,16814],[16812.5,1678],[16812,2000]],"asks":[[16830.5,68539],[16831,1016],[16831.5,50],[16835,1000],[16836,32921],[16837,3500],[16839,1000],[16840,1900],[16840.5,2700],[16841,6250]],"timestamp":"2017-12-20T05:34:36.811Z"}]}
13:34:21   {"table":"orderBook10","action":"update","data":[{"symbol":"XBTUSD","bids":[[16830,224532],[16829,481],[16828,200],[16820.5,51],[16819,2364],[16815.5,100],[16815,20000],[16813.5,16814],[16812.5,1678],[16812,2000]],"asks":[[16830.5,68439],[16831,1016],[16831.5,50],[16835,1000],[16836,32921],[16837,3500],[16839,1000],[16840,1900],[16840.5,2700],[16841,6250]],"timestamp":"2017-12-20T05:34:37.114Z"}]}
13:34:21   {"table":"orderBook10","action":"update","data":[{"symbol":"XBTUSD","bids":[[16830,224532],[16829,481],[16828,200],[16820.5,51],[16819,2364],[16815,20000],[16813.5,16814],[16812.5,1678],[16812,2000],[16810.5,51]],"asks":[[16830.5,68439],[16831,1016],[16831.5,50],[16834.5,100],[16835,1000],[16836,32921],[16837,3500],[16839,1000],[16840,1800],[16840.5,2700]],"timestamp":"2017-12-20T05:34:37.412Z"}]}
13:34:21   {"table":"orderBook10","action":"update","data":[{"symbol":"XBTUSD","bids":[[16830,224532],[16829,481],[16828,200],[16820.5,51],[16819,2364],[16815,20000],[16813.5,16814],[16812.5,1678],[16812,2000],[16810.5,51]],"asks":[[16830.5,68339],[16831,1016],[16831.5,50],[16834.5,100],[16835,1000],[16836,32921],[16837,3500],[16839,1000],[16840,1800],[16840.5,2700]],"timestamp":"2017-12-20T05:34:37.515Z"}]}
13:34:21   {"table":"orderBook10","action":"update","data":[{"symbol":"XBTUSD","bids":[[16830,220506],[16829,481],[16828,200],[16820.5,51],[16819,2364],[16815,20000],[16813.5,16814],[16812.5,1678],[16812,2000],[16810.5,51]],"asks":[[16830.5,68339],[16831,1016],[16831.5,50],[16834.5,100],[16835,1000],[16836,32921],[16837,3500],[16839,1000],[16840,1800],[16840.5,2700]],"timestamp":"2017-12-20T05:34:37.694Z"}]}
13:34:21   {"table":"orderBook10","action":"update","data":[{"symbol":"XBTUSD","bids":[[16830,220506],[16829,481],[16828,200],[16820.5,51],[16819,2364],[16815,20000],[16813.5,16814],[16812.5,1678],[16812,2000],[16810.5,51]],"asks":[[16830.5,71402],[16831,1016],[16831.5,50],[16834.5,100],[16835,1000],[16836,32921],[16837,3500],[16839,1000],[16840,1800],[16840.5,2700]],"timestamp":"2017-12-20T05:34:37.859Z"}]}
13:34:21   {"table":"orderBook10","action":"update","data":[{"symbol":"XBTUSD","bids":[[16830,229443],[16829,481],[16828,200],[16820.5,51],[16819,2364],[16815,20000],[16813.5,16814],[16812.5,1678],[16812,2000],[16810.5,51]],"asks":[[16830.5,71402],[16831,1016],[16831.5,50],[16834.5,100],[16835,1000],[16836,32921],[16837,3500],[16839,1000],[16840,1800],[16840.5,2700]],"timestamp":"2017-12-20T05:34:37.890Z"}]}
13:34:21   {"table":"orderBook10","action":"update","data":[{"symbol":"XBTUSD","bids":[[16830,229443],[16829,481],[16828,200],[16820.5,51],[16819,2364],[16815,20000],[16813.5,16814],[16812.5,1678],[16812,2000],[16810.5,51]],"asks":[[16830.5,71302],[16831,1016],[16831.5,50],[16834.5,100],[16835,1000],[16836,32921],[16837,3500],[16839,1000],[16840,1800],[16840.5,2700]],"timestamp":"2017-12-20T05:34:37.943Z"}]}
13:34:21   {"table":"orderBook10","action":"update","data":[{"symbol":"XBTUSD","bids":[[16830,220506],[16829,481],[16828,200],[16820.5,51],[16819,2364],[16815,20000],[16813.5,16814],[16812.5,1678],[16812,2000],[16810.5,51]],"asks":[[16830.5,71302],[16831,1016],[16831.5,50],[16834.5,100],[16835,1000],[16836,32921],[16837,3500],[16839,1000],[16840,1800],[16840.5,2700]],"timestamp":"2017-12-20T05:34:38.026Z"}]}
13:34:21   {"table":"orderBook10","action":"update","data":[{"symbol":"XBTUSD","bids":[[16830,220506],[16829,481],[16828,200],[16820.5,51],[16819,2364],[16815,20000],[16813.5,16814],[16812.5,1678],[16812,2000],[16810.5,51]],"asks":[[16830.5,71302],[16831,1016],[16831.5,50],[16834.5,100],[16836,32921],[16837,2500],[16840,1800],[16840.5,2700],[16841,5250],[16842,240]],"timestamp":"2017-12-20T05:34:38.058Z"}]}
13:34:21   {"table":"orderBook10","action":"update","data":[{"symbol":"XBTZ17","bids":[[16916,39788],[16912,36663],[16911,5000],[16904.5,2120],[16904,200],[16902,40600],[16895.5,8500],[16891.5,5761],[16891,38280],[16885.5,5762]],"asks":[[16916.5,5721],[16929,1000],[16946,200],[16950,5000],[16954,77],[16956,7078],[16956.5,200],[16957,2852],[16957.5,39838],[16959.5,8000]],"timestamp":"2017-12-20T05:34:38.029Z"}]}
13:34:21   {"table":"orderBook10","action":"update","data":[{"symbol":"XBTUSD","bids":[[16830,220496],[16829,481],[16828,200],[16820.5,51],[16819,2364],[16815,20000],[16813.5,16814],[16812.5,1678],[16812,2000],[16810.5,51]],"asks":[[16830.5,71302],[16831,1016],[16831.5,50],[16834.5,100],[16836,32921],[16837,2500],[16840,1800],[16840.5,2700],[16841,5250],[16842,240]],"timestamp":"2017-12-20T05:34:38.197Z"}]}
13:34:21   {"table":"orderBook10","action":"update","data":[{"symbol":"XBTUSD","bids":[[16830,210596],[16829,481],[16828,200],[16820.5,51],[16819,2364],[16815,20000],[16813.5,16814],[16812.5,1678],[16812,2000],[16810.5,51]],"asks":[[16830.5,71302],[16831,1016],[16831.5,50],[16834.5,100],[16836,32921],[16837,2500],[16840,1800],[16840.5,2700],[16841,5250],[16842,240]],"timestamp":"2017-12-20T05:34:38.200Z"}]}
13:34:21   {"table":"orderBook10","action":"update","data":[{"symbol":"XBTUSD","bids":[[16830,210586],[16829,481],[16828,200],[16820.5,51],[16819,2364],[16815,20000],[16813.5,16814],[16812.5,1678],[16812,2000],[16810.5,51]],"asks":[[16830.5,71302],[16831,1016],[16831.5,50],[16834.5,100],[16836,32921],[16837,2500],[16840,1800],[16840.5,2700],[16841,5250],[16842,240]],"timestamp":"2017-12-20T05:34:38.204Z"}]}
13:34:21   {"table":"orderBook10","action":"update","data":[{"symbol":"XBTUSD","bids":[[16830,210576],[16829,481],[16828,200],[16820.5,51],[16819,2364],[16815,20000],[16813.5,16814],[16812.5,1678],[16812,2000],[16810.5,51]],"asks":[[16830.5,71302],[16831,1016],[16831.5,50],[16834.5,100],[16836,32921],[16837,2500],[16840,1800],[16840.5,2700],[16841,5250],[16842,240]],"timestamp":"2017-12-20T05:34:38.211Z"}]}
13:34:21   {"table":"orderBook10","action":"update","data":[{"symbol":"XBTUSD","bids":[[16830,210576],[16829,481],[16828,200],[16820.5,51],[16819,2364],[16815,20000],[16813.5,16814],[16812.5,1678],[16812,2000],[16810.5,51]],"asks":[[16830.5,74302],[16831,1016],[16831.5,50],[16834.5,100],[16836,32921],[16837,2500],[16840,1800],[16840.5,2700],[16841,5250],[16842,240]],"timestamp":"2017-12-20T05:34:38.263Z"}]}
13:34:21   {"table":"orderBook10","action":"update","data":[{"symbol":"XBTUSD","bids":[[16830,210566],[16829,481],[16828,200],[16820.5,51],[16819,2364],[16815,20000],[16813.5,16814],[16812.5,1678],[16812,2000],[16810.5,51]],"asks":[[16830.5,74302],[16831,1016],[16831.5,50],[16834.5,100],[16836,32921],[16837,2500],[16840,1800],[16840.5,2700],[16841,5250],[16842,240]],"timestamp":"2017-12-20T05:34:38.274Z"}]}
13:34:21   {"table":"orderBook10","action":"update","data":[{"symbol":"XBTUSD","bids":[[16830,210556],[16829,481],[16828,200],[16820.5,51],[16819,2364],[16815,20000],[16813.5,16814],[16812.5,1678],[16812,2000],[16810.5,51]],"asks":[[16830.5,74302],[16831,1016],[16831.5,50],[16834.5,100],[16836,32921],[16837,2500],[16840,1800],[16840.5,2700],[16841,5250],[16842,240]],"timestamp":"2017-12-20T05:34:38.283Z"}]}
13:34:21   {"table":"orderBook10","action":"update","data":[{"symbol":"XBTUSD","bids":[[16830,214582],[16829,481],[16828,200],[16820.5,51],[16819,2364],[16815,20000],[16813.5,16814],[16812.5,1678],[16812,2000],[16810.5,51]],"asks":[[16830.5,74302],[16831,1016],[16831.5,50],[16834.5,100],[16836,32921],[16837,2500],[16840,1800],[16840.5,2700],[16841,5250],[16842,240]],"timestamp":"2017-12-20T05:34:38.297Z"}]}
13:34:21   {"table":"orderBook10","action":"update","data":[{"symbol":"XBTUSD","bids":[[16830,214582],[16829,481],[16828,200],[16820.5,51],[16819,2364],[16815,20000],[16813.5,16814],[16812.5,1678],[16812,2000],[16810.5,51]],"asks":[[16830.5,74402],[16831,1016],[16831.5,50],[16834.5,100],[16836,32921],[16837,2500],[16840,1800],[16840.5,2700],[16841,5250],[16842,240]],"timestamp":"2017-12-20T05:34:38.306Z"}]}
13:34:21   {"table":"orderBook10","action":"update","data":[{"symbol":"XBTUSD","bids":[[16830,210556],[16829,481],[16828,200],[16820.5,51],[16819,2364],[16815,20000],[16813.5,16814],[16812.5,1678],[16812,2000],[16810.5,51]],"asks":[[16830.5,74402],[16831,1016],[16831.5,50],[16834.5,100],[16836,32921],[16837,2500],[16840,1800],[16840.5,2700],[16841,5250],[16842,240]],"timestamp":"2017-12-20T05:34:38.426Z"}]}
13:34:21   {"table":"orderBook10","action":"update","data":[{"symbol":"XBTUSD","bids":[[16830,210556],[16829,481],[16828,200],[16822,1678],[16820.5,51],[16819,2364],[16815,20000],[16813.5,16814],[16812,2000],[16810.5,51]],"asks":[[16830.5,74402],[16831,1016],[16831.5,50],[16834.5,100],[16836,32921],[16837,2500],[16840,1800],[16840.5,2700],[16841,5250],[16842,240]],"timestamp":"2017-12-20T05:34:38.430Z"}]}
13:34:22   {"table":"orderBook10","action":"update","data":[{"symbol":"XBTUSD","bids":[[16830,210556],[16829,481],[16828,200],[16822,1678],[16820.5,51],[16819,2364],[16815,20000],[16813.5,16814],[16812,2000],[16810.5,51]],"asks":[[16830.5,74402],[16831,1116],[16831.5,50],[16836,32921],[16837,2500],[16840,1800],[16840.5,2700],[16841,5250],[16842,240],[16842.5,9301]],"timestamp":"2017-12-20T05:34:38.583Z"}]}
13:34:22   {"table":"orderBook10","action":"update","data":[{"symbol":"XBTUSD","bids":[[16830,210556],[16829,481],[16828,200],[16822,1678],[16820.5,51],[16819,2364],[16815,20000],[16813.5,16814],[16812,2000],[16810.5,51]],"asks":[[16830.5,74402],[16831,1116],[16831.5,50],[16836,32921],[16837,2500],[16840,1800],[16840.5,2700],[16841,5250],[16842,240],[16842.5,3580]],"timestamp":"2017-12-20T05:34:38.670Z"}]}
13:34:22   {"table":"orderBook10","action":"update","data":[{"symbol":"XBTUSD","bids":[[16830,210556],[16829,481],[16828,200],[16822,1678],[16820.5,51],[16819,2364],[16815,20000],[16812,2000],[16810.5,51],[16810,100]],"asks":[[16830.5,74402],[16831,1116],[16831.5,50],[16836,32921],[16837,2500],[16840,1800],[16840.5,2700],[16841,5250],[16842,240],[16842.5,3580]],"timestamp":"2017-12-20T05:34:38.744Z"}]}
13:34:22   {"table":"orderBook10","action":"update","data":[{"symbol":"XBTUSD","bids":[[16830,210556],[16829,481],[16828,200],[16822,1678],[16820.5,51],[16819,2364],[16815,20000],[16812,2000],[16810.5,51],[16810,100]],"asks":[[16830.5,77402],[16831,1116],[16831.5,50],[16836,32921],[16837,2500],[16840,1800],[16840.5,2700],[16841,5250],[16842,240],[16842.5,3580]],"timestamp":"2017-12-20T05:34:38.779Z"}]}
13:34:22   {"table":"orderBook10","action":"update","data":[{"symbol":"XBTUSD","bids":[[16830,210556],[16829,481],[16828,200],[16822,1678],[16820.5,51],[16819,2364],[16815,20000],[16812,2000],[16810.5,51],[16810,16910]],"asks":[[16830.5,77402],[16831,1116],[16831.5,50],[16836,32921],[16837,2500],[16840,1800],[16840.5,2700],[16841,5250],[16842,240],[16842.5,3580]],"timestamp":"2017-12-20T05:34:38.902Z"}]}
13:34:22   {"table":"orderBook10","action":"update","data":[{"symbol":"XBTUSD","bids":[[16830,194898],[16829,481],[16828,200],[16822,1678],[16820.5,51],[16819,2364],[16815,20000],[16812,2000],[16810.5,51],[16810,16910]],"asks":[[16830.5,77402],[16831,1116],[16831.5,50],[16836,32921],[16837,2500],[16840,1800],[16840.5,2700],[16841,5250],[16842,240],[16842.5,3580]],"timestamp":"2017-12-20T05:34:38.942Z"}]}
13:34:22   {"table":"orderBook10","action":"update","data":[{"symbol":"XBTUSD","bids":[[16830,194898],[16829,481],[16828,200],[16822,1678],[16820.5,51],[16819,2364],[16815,20000],[16812,2000],[16810.5,51],[16810,16910]],"asks":[[16830.5,111744],[16831,1116],[16831.5,50],[16836,32921],[16837,2500],[16840,1800],[16840.5,2700],[16841,5250],[16842,240],[16842.5,3580]],"timestamp":"2017-12-20T05:34:38.946Z"}]}
13:34:22   {"table":"orderBook10","action":"update","data":[{"symbol":"XBTUSD","bids":[[16830,162431],[16829,481],[16828,200],[16822,1678],[16820.5,51],[16819,2364],[16815,20000],[16812,2000],[16810.5,51],[16810,16910]],"asks":[[16830.5,111744],[16831,1116],[16831.5,50],[16836,32921],[16837,2500],[16840,1800],[16840.5,2700],[16841,5250],[16842,240],[16842.5,3580]],"timestamp":"2017-12-20T05:34:38.953Z"}]}
13:34:22   {"table":"orderBook10","action":"update","data":[{"symbol":"XBTUSD","bids":[[16830,162431],[16829,481],[16828,200],[16822,1678],[16820.5,51],[16819,2364],[16815,20000],[16812,2000],[16810.5,51],[16810,16910]],"asks":[[16830.5,129277],[16831,1116],[16831.5,50],[16836,32921],[16837,2500],[16840,1800],[16840.5,2700],[16841,5250],[16842,240],[16842.5,3580]],"timestamp":"2017-12-20T05:34:38.972Z"}]}
13:34:22   {"table":"orderBook10","action":"update","data":[{"symbol":"XBTUSD","bids":[[16830,162431],[16829,481],[16828,200],[16822,1678],[16820.5,51],[16819,2364],[16815,20000],[16812,2000],[16810.5,51],[16810,16910]],"asks":[[16830.5,129277],[16831,1116],[16831.5,50],[16836,32921],[16837,2500],[16840,1800],[16840.5,2700],[16841,5250],[16842,240],[16842.5,9301]],"timestamp":"2017-12-20T05:34:38.984Z"}]}
13:34:22   {"table":"orderBook10","action":"update","data":[{"symbol":"XBTUSD","bids":[[16830,162431],[16829,481],[16828,200],[16822,1678],[16820.5,51],[16819,2364],[16815,20000],[16812,2000],[16810.5,51],[16810,16910]],"asks":[[16830.5,131842],[16831,1116],[16831.5,50],[16836,32921],[16837,2500],[16840,1800],[16840.5,2700],[16841,5250],[16842,240],[16842.5,9301]],"timestamp":"2017-12-20T05:34:39.124Z"}]}
13:34:22   {"table":"orderBook10","action":"update","data":[{"symbol":"XBTUSD","bids":[[16830,162421],[16829,481],[16828,200],[16822,1678],[16820.5,51],[16819,2364],[16815,20000],[16812,2000],[16810.5,51],[16810,16910]],"asks":[[16830.5,131842],[16831,1116],[16831.5,50],[16836,32921],[16837,2500],[16840,1800],[16840.5,2700],[16841,5250],[16842,240],[16842.5,9301]],"timestamp":"2017-12-20T05:34:39.162Z"}]}
13:34:22   {"table":"orderBook10","action":"update","data":[{"symbol":"XBTUSD","bids":[[16830,162421],[16829,481],[16828,200],[16822,1678],[16820.5,51],[16819,2364],[16815,20000],[16812,2000],[16810.5,51],[16810,16910]],"asks":[[16830.5,131852],[16831,1116],[16831.5,50],[16836,32921],[16837,2500],[16840,1800],[16840.5,2700],[16841,5250],[16842,240],[16842.5,9301]],"timestamp":"2017-12-20T05:34:39.378Z"}]}
13:34:22   {"table":"orderBook10","action":"update","data":[{"symbol":"XBTUSD","bids":[[16830,162421],[16829,481],[16828,200],[16822,1678],[16820.5,51],[16819,2364],[16815,20000],[16812,2000],[16810.5,51],[16810,16910]],"asks":[[16830.5,131862],[16831,1116],[16831.5,50],[16836,32921],[16837,2500],[16840,1800],[16840.5,2700],[16841,5250],[16842,240],[16842.5,9301]],"timestamp":"2017-12-20T05:34:39.390Z"}]}
13:34:22   {"table":"orderBook10","action":"update","data":[{"symbol":"XBTUSD","bids":[[16830,162421],[16829,481],[16828,200],[16822,1678],[16820.5,51],[16819,2364],[16815,20000],[16812,2000],[16810.5,51],[16810,16910]],"asks":[[16830.5,131872],[16831,1116],[16831.5,50],[16836,32921],[16837,2500],[16840,1800],[16840.5,2700],[16841,5250],[16842,240],[16842.5,9301]],"timestamp":"2017-12-20T05:34:39.396Z"}]}
13:34:22   {"table":"orderBook10","action":"update","data":[{"symbol":"XBTUSD","bids":[[16830,162421],[16829,481],[16828,200],[16822,1678],[16820.5,51],[16819,2364],[16815,20000],[16812,2000],[16810.5,51],[16810,16910]],"asks":[[16830.5,131882],[16831,1116],[16831.5,50],[16836,32921],[16837,2500],[16840,1800],[16840.5,2700],[16841,5250],[16842,240],[16842.5,9301]],"timestamp":"2017-12-20T05:34:39.402Z"}]}
13:34:22   {"table":"orderBook10","action":"update","data":[{"symbol":"XBTUSD","bids":[[16830,162421],[16829,481],[16828,200],[16822,1678],[16820.5,51],[16819,2364],[16815,20000],[16812,2000],[16810.5,51],[16810,16910]],"asks":[[16830.5,131892],[16831,1116],[16831.5,50],[16836,32921],[16837,2500],[16840,1800],[16840.5,2700],[16841,5250],[16842,240],[16842.5,9301]],"timestamp":"2017-12-20T05:34:39.427Z"}]}
13:34:23   {"table":"orderBook10","action":"update","data":[{"symbol":"XBTUSD","bids":[[16830,162421],[16829,481],[16828,200],[16822,1678],[16820.5,51],[16819,2364],[16815,20000],[16812,2000],[16810.5,51],[16810,16910]],"asks":[[16830.5,131892],[16831,1116],[16831.5,50],[16836,32921],[16837,2500],[16840,1800],[16840.5,2700],[16841,5250],[16842,240],[16842.5,3580]],"timestamp":"2017-12-20T05:34:39.602Z"}]}
13:34:23   {"table":"orderBook10","action":"update","data":[{"symbol":"XBTUSD","bids":[[16830,162321],[16829,481],[16828,200],[16822,1678],[16820.5,51],[16819,2364],[16815,20000],[16812,2000],[16810.5,51],[16810,16910]],"asks":[[16830.5,131892],[16831,1116],[16831.5,50],[16836,32921],[16837,2500],[16840,1800],[16840.5,2700],[16841,5250],[16842,240],[16842.5,3580]],"timestamp":"2017-12-20T05:34:39.609Z"}]}
13:34:23   {"table":"orderBook10","action":"update","data":[{"symbol":"XBTZ17","bids":[[16916,39788],[16911,5000],[16904.5,2120],[16904,200],[16902,40600],[16895.5,8500],[16891.5,5761],[16891,38280],[16885.5,5762],[16884.5,2542]],"asks":[[16916.5,5721],[16929,1000],[16946,200],[16950,5000],[16954,77],[16956,7078],[16956.5,200],[16957,2852],[16957.5,39838],[16959.5,8000]],"timestamp":"2017-12-20T05:34:39.613Z"}]}
13:34:23   {"table":"orderBook10","action":"update","data":[{"symbol":"XBTZ17","bids":[[16916,39788],[16911,5000],[16904.5,2120],[16904,200],[16902,40600],[16895.5,8500],[16891.5,5761],[16891,38280],[16885.5,5762],[16884.5,2542]],"asks":[[16916.5,5721],[16929,1000],[16945.5,2],[16946,200],[16950,5000],[16954,77],[16956,7078],[16956.5,200],[16957,2852],[16957.5,39838]],"timestamp":"2017-12-20T05:34:39.707Z"}]}
13:34:23   {"table":"orderBook10","action":"update","data":[{"symbol":"XBTUSD","bids":[[16830,162321],[16829,481],[16828,200],[16822,1678],[16820.5,51],[16819.5,100],[16819,2364],[16815,20000],[16812,2000],[16810.5,51]],"asks":[[16830.5,131892],[16831,1116],[16831.5,50],[16836,32921],[16837,2500],[16840,1800],[16840.5,2700],[16841,5250],[16842,240],[16842.5,3580]],"timestamp":"2017-12-20T05:34:39.781Z"}]}
13:34:23   {"table":"orderBook10","action":"update","data":[{"symbol":"XBTUSD","bids":[[16830,162321],[16829,481],[16828,200],[16822,1678],[16820.5,51],[16819.5,100],[16819,2364],[16815,20000],[16812.5,100],[16812,2000]],"asks":[[16830.5,131892],[16831,1016],[16831.5,50],[16836,33021],[16837,2500],[16840,1800],[16840.5,2700],[16841,5250],[16842,240],[16842.5,3580]],"timestamp":"2017-12-20T05:34:39.842Z"}]}
13:34:23   {"table":"orderBook10","action":"update","data":[{"symbol":"XBTUSD","bids":[[16830,187321],[16829,481],[16828,200],[16822,1678],[16820.5,51],[16819.5,100],[16819,2364],[16815,20000],[16812.5,100],[16812,2000]],"asks":[[16830.5,131892],[16831,1016],[16831.5,50],[16836,33021],[16837,2500],[16840,1800],[16840.5,2700],[16841,5250],[16842,240],[16842.5,3580]],"timestamp":"2017-12-20T05:34:39.899Z"}]}
13:34:23   {"table":"orderBook10","action":"update","data":[{"symbol":"XBTUSD","bids":[[16830,179936],[16829,481],[16828,200],[16822,1678],[16820.5,51],[16819.5,100],[16819,2364],[16815,20000],[16812.5,100],[16812,2000]],"asks":[[16830.5,131892],[16831,1016],[16831.5,50],[16836,33021],[16837,2500],[16840,1800],[16840.5,2700],[16841,5250],[16842,240],[16842.5,3580]],"timestamp":"2017-12-20T05:34:39.951Z"}]}
13:34:23   {"table":"orderBook10","action":"update","data":[{"symbol":"XBTUSD","bids":[[16830,177097],[16829,481],[16828,200],[16822,1678],[16820.5,51],[16819.5,100],[16819,2364],[16815,20000],[16812.5,100],[16812,2000]],"asks":[[16830.5,131892],[16831,1016],[16831.5,50],[16836,33021],[16837,2500],[16840,1800],[16840.5,2700],[16841,5250],[16842,240],[16842.5,3580]],"timestamp":"2017-12-20T05:34:39.988Z"}]}
13:34:23   {"table":"orderBook10","action":"update","data":[{"symbol":"XBTUSD","bids":[[16830,177097],[16829,481],[16828,200],[16822,1678],[16820.5,51],[16819.5,100],[16819,2364],[16815,20000],[16812.5,100],[16812,2000]],"asks":[[16830.5,131892],[16831,1016],[16831.5,50],[16836,33021],[16837,2500],[16839.5,240],[16840,1800],[16840.5,2700],[16841,5250],[16842.5,3580]],"timestamp":"2017-12-20T05:34:40.060Z"}]}
13:34:23   {"table":"orderBook10","action":"update","data":[{"symbol":"XBTUSD","bids":[[16830,177097],[16829,481],[16828,200],[16822,1678],[16820.5,51],[16819.5,100],[16819,2364],[16815,20000],[16812.5,100],[16812,2000]],"asks":[[16830.5,131892],[16831,1016],[16831.5,50],[16836,33021],[16837,2500],[16839.5,240],[16840,1800],[16840.5,2700],[16841,5250],[16842.5,9301]],"timestamp":"2017-12-20T05:34:40.166Z"}]}
13:34:23   {"table":"orderBook10","action":"update","data":[{"symbol":"XBTUSD","bids":[[16830,177097],[16829,481],[16828,200],[16822,1678],[16820.5,51],[16819.5,100],[16815,20000],[16812.5,100],[16812,2000],[16810.5,51]],"asks":[[16830.5,131892],[16831,1016],[16831.5,50],[16836,33021],[16837,2500],[16839.5,240],[16840,1800],[16840.5,2700],[16841,5250],[16842.5,9301]],"timestamp":"2017-12-20T05:34:40.205Z"}]}
13:34:23   {"table":"orderBook10","action":"update","data":[{"symbol":"XBTUSD","bids":[[16830,177097],[16829,481],[16828,200],[16822,1678],[16820.5,51],[16819.5,100],[16815,20000],[16813,2000],[16812.5,100],[16810.5,51]],"asks":[[16830.5,131892],[16831,1016],[16831.5,50],[16836,33021],[16837,2500],[16839.5,240],[16840,1800],[16840.5,2700],[16841,5250],[16842.5,9301]],"timestamp":"2017-12-20T05:34:40.316Z"}]}
13:34:23   {"table":"orderBook10","action":"update","data":[{"symbol":"XBTUSD","bids":[[16830,177097],[16829,481],[16828,200],[16822,1678],[16820.5,51],[16819.5,100],[16815,20000],[16813,2000],[16812.5,100],[16810.5,51]],"asks":[[16830.5,134833],[16831,1016],[16831.5,50],[16836,33021],[16837,2500],[16839.5,240],[16840,1800],[16840.5,2700],[16841,5250],[16842.5,9301]],"timestamp":"2017-12-20T05:34:40.321Z"}]}
13:34:23   {"table":"orderBook10","action":"update","data":[{"symbol":"XBTUSD","bids":[[16830,177097],[16829,481],[16828,200],[16822,1678],[16820.5,51],[16819.5,100],[16815,20000],[16813,2000],[16812.5,100],[16810.5,51]],"asks":[[16830.5,134823],[16831,1016],[16831.5,50],[16836,33021],[16837,2500],[16839.5,240],[16840,1800],[16840.5,2700],[16841,5250],[16842.5,9301]],"timestamp":"2017-12-20T05:34:40.417Z"}]}
13:34:23   {"table":"orderBook10","action":"update","data":[{"symbol":"XBTUSD","bids":[[16830,177097],[16829,481],[16828,200],[16822,1678],[16820.5,51],[16819.5,100],[16815,20000],[16813,2000],[16812.5,100],[16810.5,51]],"asks":[[16830.5,134813],[16831,1016],[16831.5,50],[16836,33021],[16837,2500],[16839.5,240],[16840,1800],[16840.5,2700],[16841,5250],[16842.5,9301]],"timestamp":"2017-12-20T05:34:40.420Z"}]}
13:34:23   {"table":"orderBook10","action":"update","data":[{"symbol":"XBTUSD","bids":[[16830,177097],[16829,481],[16828,200],[16822,1678],[16820.5,51],[16819.5,100],[16815,20000],[16813,2000],[16812.5,100],[16810.5,51]],"asks":[[16830.5,134803],[16831,1016],[16831.5,50],[16836,33021],[16837,2500],[16839.5,240],[16840,1800],[16840.5,2700],[16841,5250],[16842.5,9301]],"timestamp":"2017-12-20T05:34:40.423Z"}]}
13:34:23   {"table":"orderBook10","action":"update","data":[{"symbol":"XBTUSD","bids":[[16830,177097],[16829,481],[16828,200],[16822,1678],[16820.5,51],[16819.5,100],[16815,20000],[16813,2000],[16812.5,100],[16810.5,51]],"asks":[[16830.5,134793],[16831,1016],[16831.5,50],[16836,33021],[16837,2500],[16839.5,240],[16840,1800],[16840.5,2700],[16841,5250],[16842.5,9301]],"timestamp":"2017-12-20T05:34:40.426Z"}]}
13:34:23   {"table":"orderBook10","action":"update","data":[{"symbol":"XBTUSD","bids":[[16830,177097],[16829,481],[16828,200],[16822,1678],[16820.5,51],[16819.5,100],[16815,20000],[16813,2000],[16812.5,100],[16810.5,51]],"asks":[[16830.5,134803],[16831,1016],[16831.5,50],[16836,33021],[16837,2500],[16839.5,240],[16840,1800],[16840.5,2700],[16841,5250],[16842.5,9301]],"timestamp":"2017-12-20T05:34:40.505Z"}]}
13:34:23   {"table":"orderBook10","action":"update","data":[{"symbol":"XBTUSD","bids":[[16830,177097],[16829,481],[16828,200],[16822,1678],[16820.5,51],[16819.5,100],[16815,20000],[16813,2000],[16812.5,100],[16810.5,51]],"asks":[[16830.5,134813],[16831,1016],[16831.5,50],[16836,33021],[16837,2500],[16839.5,240],[16840,1800],[16840.5,2700],[16841,5250],[16842.5,9301]],"timestamp":"2017-12-20T05:34:40.511Z"}]}
13:34:23   {"table":"orderBook10","action":"update","data":[{"symbol":"XBTUSD","bids":[[16830,177097],[16829,481],[16828,200],[16822,1678],[16820.5,51],[16819.5,100],[16815,20000],[16813,2000],[16812.5,100],[16810.5,51]],"asks":[[16830.5,134823],[16831,1016],[16831.5,50],[16836,33021],[16837,2500],[16839.5,240],[16840,1800],[16840.5,2700],[16841,5250],[16842.5,9301]],"timestamp":"2017-12-20T05:34:40.518Z"}]}
